%YAML 1.1
%TAG !u! tag:unity3d.com,2011:
--- !u!1 &80894307848628397
GameObject:
  m_ObjectHideFlags: 0
  m_CorrespondingSourceObject: {fileID: 0}
  m_PrefabInstance: {fileID: 0}
  m_PrefabAsset: {fileID: 0}
  serializedVersion: 6
  m_Component:
  - component: {fileID: 8967272026945076754}
  m_Layer: 0
  m_Name: LEar
  m_TagString: Untagged
  m_Icon: {fileID: 0}
  m_NavMeshLayer: 0
  m_StaticEditorFlags: 0
  m_IsActive: 1
--- !u!4 &8967272026945076754
Transform:
  m_ObjectHideFlags: 0
  m_CorrespondingSourceObject: {fileID: 0}
  m_PrefabInstance: {fileID: 0}
  m_PrefabAsset: {fileID: 0}
  m_GameObject: {fileID: 80894307848628397}
  m_LocalRotation: {x: -0.051606115, y: -0.12656789, z: 0.38338464, w: 0.91341865}
  m_LocalPosition: {x: -0.22533849, y: -0.1173267, z: 0.00370336}
  m_LocalScale: {x: 1, y: 1, z: 1}
  m_Children: []
  m_Father: {fileID: 3436641336467063427}
  m_RootOrder: 1
  m_LocalEulerAnglesHint: {x: 0, y: 0, z: 0}
--- !u!1 &87772692414728871
GameObject:
  m_ObjectHideFlags: 0
  m_CorrespondingSourceObject: {fileID: 0}
  m_PrefabInstance: {fileID: 0}
  m_PrefabAsset: {fileID: 0}
  serializedVersion: 6
  m_Component:
  - component: {fileID: 5477031613277909491}
  m_Layer: 0
  m_Name: pm0704_00_BodySkin
  m_TagString: Untagged
  m_Icon: {fileID: 0}
  m_NavMeshLayer: 0
  m_StaticEditorFlags: 0
  m_IsActive: 1
--- !u!4 &5477031613277909491
Transform:
  m_ObjectHideFlags: 0
  m_CorrespondingSourceObject: {fileID: 0}
  m_PrefabInstance: {fileID: 0}
  m_PrefabAsset: {fileID: 0}
  m_GameObject: {fileID: 87772692414728871}
  m_LocalRotation: {x: 0, y: -0, z: -0, w: 1}
  m_LocalPosition: {x: -0, y: 0, z: 0}
  m_LocalScale: {x: 1, y: 1, z: 1}
  m_Children: []
  m_Father: {fileID: 662395904965107232}
  m_RootOrder: 1
  m_LocalEulerAnglesHint: {x: 0, y: 0, z: 0}
--- !u!1 &195444403221325307
GameObject:
  m_ObjectHideFlags: 0
  m_CorrespondingSourceObject: {fileID: 0}
  m_PrefabInstance: {fileID: 0}
  m_PrefabAsset: {fileID: 0}
  serializedVersion: 6
  m_Component:
  - component: {fileID: 6568616510297565535}
  - component: {fileID: 3627202908121048543}
  m_Layer: 0
  m_Name: Eye_OptMesh_0_0_node
  m_TagString: Untagged
  m_Icon: {fileID: 0}
  m_NavMeshLayer: 0
  m_StaticEditorFlags: 0
  m_IsActive: 1
--- !u!4 &6568616510297565535
Transform:
  m_ObjectHideFlags: 0
  m_CorrespondingSourceObject: {fileID: 0}
  m_PrefabInstance: {fileID: 0}
  m_PrefabAsset: {fileID: 0}
  m_GameObject: {fileID: 195444403221325307}
  m_LocalRotation: {x: 0, y: -0, z: -0, w: 1}
  m_LocalPosition: {x: -0, y: 0, z: 0}
  m_LocalScale: {x: 1, y: 1, z: 1}
  m_Children: []
  m_Father: {fileID: 8148967716230419086}
  m_RootOrder: 5
  m_LocalEulerAnglesHint: {x: 0, y: 0, z: 0}
--- !u!137 &3627202908121048543
SkinnedMeshRenderer:
  m_ObjectHideFlags: 0
  m_CorrespondingSourceObject: {fileID: 0}
  m_PrefabInstance: {fileID: 0}
  m_PrefabAsset: {fileID: 0}
  m_GameObject: {fileID: 195444403221325307}
  m_Enabled: 1
  m_CastShadows: 1
  m_ReceiveShadows: 1
  m_DynamicOccludee: 1
  m_MotionVectors: 1
  m_LightProbeUsage: 1
  m_ReflectionProbeUsage: 1
  m_RayTracingMode: 0
  m_RenderingLayerMask: 1
  m_RendererPriority: 0
  m_Materials:
  - {fileID: 2100000, guid: 5d25d0ad9d9df1d4da8e2443ee00e8ce, type: 2}
  m_StaticBatchInfo:
    firstSubMesh: 0
    subMeshCount: 0
  m_StaticBatchRoot: {fileID: 0}
  m_ProbeAnchor: {fileID: 0}
  m_LightProbeVolumeOverride: {fileID: 0}
  m_ScaleInLightmap: 1
  m_ReceiveGI: 1
  m_PreserveUVs: 0
  m_IgnoreNormalsForChartDetection: 0
  m_ImportantGI: 0
  m_StitchLightmapSeams: 1
  m_SelectedEditorRenderState: 3
  m_MinimumChartSize: 4
  m_AutoUVMaxDistance: 0.5
  m_AutoUVMaxAngle: 89
  m_LightmapParameters: {fileID: 0}
  m_SortingLayerID: 0
  m_SortingLayer: 0
  m_SortingOrder: 0
  serializedVersion: 2
  m_Quality: 0
  m_UpdateWhenOffscreen: 1
  m_SkinnedMotionVectors: 1
  m_Mesh: {fileID: 1802890317001429438, guid: 9443f0334e3ae79418ef4de0dc8993fb, type: 3}
  m_Bones:
  - {fileID: 662395904965107232}
  - {fileID: 7585611097985531212}
  - {fileID: 5065267628430552522}
  - {fileID: 2290416906187752586}
  - {fileID: 5582059708027175434}
  - {fileID: 6751640866762171766}
  - {fileID: 3436641336467063427}
  - {fileID: 7180945467990105654}
  - {fileID: 4584691693269815521}
  - {fileID: 6287451193462295640}
  - {fileID: 8967272026945076754}
  - {fileID: 3816760079781240344}
  - {fileID: 5486293494876838401}
  - {fileID: 4799891333690180220}
  - {fileID: 588543320397859283}
  - {fileID: 6546995723064452021}
  - {fileID: 7629480988491154827}
  - {fileID: 2743441335776039112}
  - {fileID: 8327948615576858896}
  - {fileID: 8421029015335570559}
  - {fileID: 728299777508189057}
  - {fileID: 467165708178541785}
  - {fileID: 4673751991838229354}
  - {fileID: 7767552856550652843}
  - {fileID: 6131661559127782375}
  - {fileID: 4041034675300306523}
  - {fileID: 3703777418106706065}
  - {fileID: 4621920279594032388}
  - {fileID: 2732600273555328937}
  - {fileID: 2088139660246073348}
  - {fileID: 3588595608804026860}
  - {fileID: 6747138558531576212}
  - {fileID: 8146509730053204443}
  - {fileID: 4610309506809078084}
  - {fileID: 8397889270449158168}
  - {fileID: 938807127927543515}
  - {fileID: 2008056676737031750}
  - {fileID: 5798009811217329746}
  - {fileID: 6337653323816193676}
  - {fileID: 7469662809744697320}
  - {fileID: 3481412098994318366}
  - {fileID: 4724850755075793866}
  - {fileID: 5477031613277909491}
  - {fileID: 1451150904330835212}
  - {fileID: 3240821642082719321}
  m_BlendShapeWeights: []
  m_RootBone: {fileID: 662395904965107232}
  m_AABB:
    m_Center: {x: -0.000000014901161, y: 0.35909325, z: 0.369496}
    m_Extent: {x: 0.14612922, y: 0.0876562, z: 0.0886628}
  m_DirtyAABB: 0
--- !u!1 &648970652303030111
GameObject:
  m_ObjectHideFlags: 0
  m_CorrespondingSourceObject: {fileID: 0}
  m_PrefabInstance: {fileID: 0}
  m_PrefabAsset: {fileID: 0}
  serializedVersion: 6
  m_Component:
  - component: {fileID: 2732600273555328937}
  m_Layer: 0
  m_Name: LHips
  m_TagString: Untagged
  m_Icon: {fileID: 0}
  m_NavMeshLayer: 0
  m_StaticEditorFlags: 0
  m_IsActive: 1
--- !u!4 &2732600273555328937
Transform:
  m_ObjectHideFlags: 0
  m_CorrespondingSourceObject: {fileID: 0}
  m_PrefabInstance: {fileID: 0}
  m_PrefabAsset: {fileID: 0}
  m_GameObject: {fileID: 648970652303030111}
  m_LocalRotation: {x: -0.3451498, y: 0.61438394, z: -0.34074095, w: 0.622334}
  m_LocalPosition: {x: -0.06598721, y: 0.032648, z: -0.00641345}
  m_LocalScale: {x: 1, y: 1, z: 1}
  m_Children:
  - {fileID: 2088139660246073348}
  m_Father: {fileID: 6131661559127782375}
  m_RootOrder: 0
  m_LocalEulerAnglesHint: {x: 0, y: 0, z: 0}
--- !u!1 &1051312442379647619
GameObject:
  m_ObjectHideFlags: 0
  m_CorrespondingSourceObject: {fileID: 0}
  m_PrefabInstance: {fileID: 0}
  m_PrefabAsset: {fileID: 0}
  serializedVersion: 6
  m_Component:
  - component: {fileID: 938807127927543515}
  m_Layer: 0
  m_Name: RHips
  m_TagString: Untagged
  m_Icon: {fileID: 0}
  m_NavMeshLayer: 0
  m_StaticEditorFlags: 0
  m_IsActive: 1
--- !u!4 &938807127927543515
Transform:
  m_ObjectHideFlags: 0
  m_CorrespondingSourceObject: {fileID: 0}
  m_PrefabInstance: {fileID: 0}
  m_PrefabAsset: {fileID: 0}
  m_GameObject: {fileID: 1051312442379647619}
  m_LocalRotation: {x: 0.34514737, y: 0.61438704, z: 0.34074038, w: 0.6223326}
  m_LocalPosition: {x: -0.06598741, y: -0.032648, z: -0.00641349}
  m_LocalScale: {x: 1, y: 1, z: 1}
  m_Children:
  - {fileID: 2008056676737031750}
  m_Father: {fileID: 6131661559127782375}
  m_RootOrder: 1
  m_LocalEulerAnglesHint: {x: 0, y: 0, z: 0}
--- !u!1 &1066815695026235734
GameObject:
  m_ObjectHideFlags: 0
  m_CorrespondingSourceObject: {fileID: 0}
  m_PrefabInstance: {fileID: 0}
  m_PrefabAsset: {fileID: 0}
  serializedVersion: 6
  m_Component:
  - component: {fileID: 6751640866762171766}
  m_Layer: 0
  m_Name: Neck
  m_TagString: Untagged
  m_Icon: {fileID: 0}
  m_NavMeshLayer: 0
  m_StaticEditorFlags: 0
  m_IsActive: 1
--- !u!4 &6751640866762171766
Transform:
  m_ObjectHideFlags: 0
  m_CorrespondingSourceObject: {fileID: 0}
  m_PrefabInstance: {fileID: 0}
  m_PrefabAsset: {fileID: 0}
  m_GameObject: {fileID: 1066815695026235734}
  m_LocalRotation: {x: 0, y: -0.5719963, z: -0, w: 0.82025623}
  m_LocalPosition: {x: -0.077367626, y: 0, z: 0}
  m_LocalScale: {x: 1, y: 1, z: 1}
  m_Children:
  - {fileID: 3436641336467063427}
  m_Father: {fileID: 5582059708027175434}
  m_RootOrder: 1
  m_LocalEulerAnglesHint: {x: 0, y: 0, z: 0}
--- !u!1 &1096677983784646247
GameObject:
  m_ObjectHideFlags: 0
  m_CorrespondingSourceObject: {fileID: 0}
  m_PrefabInstance: {fileID: 0}
  m_PrefabAsset: {fileID: 0}
  serializedVersion: 6
  m_Component:
  - component: {fileID: 2088139660246073348}
  m_Layer: 0
  m_Name: LThigh
  m_TagString: Untagged
  m_Icon: {fileID: 0}
  m_NavMeshLayer: 0
  m_StaticEditorFlags: 0
  m_IsActive: 1
--- !u!4 &2088139660246073348
Transform:
  m_ObjectHideFlags: 0
  m_CorrespondingSourceObject: {fileID: 0}
  m_PrefabInstance: {fileID: 0}
  m_PrefabAsset: {fileID: 0}
  m_GameObject: {fileID: 1096677983784646247}
  m_LocalRotation: {x: 0.04644295, y: -0.072543, z: 0.48277903, w: 0.87149584}
  m_LocalPosition: {x: -0.04646304, y: 0, z: 0}
  m_LocalScale: {x: 1, y: 1, z: 1}
  m_Children:
  - {fileID: 3588595608804026860}
  m_Father: {fileID: 2732600273555328937}
  m_RootOrder: 0
  m_LocalEulerAnglesHint: {x: 0, y: 0, z: 0}
--- !u!1 &1685661211033530840
GameObject:
  m_ObjectHideFlags: 0
  m_CorrespondingSourceObject: {fileID: 0}
  m_PrefabInstance: {fileID: 0}
  m_PrefabAsset: {fileID: 0}
  serializedVersion: 6
  m_Component:
  - component: {fileID: 4610309506809078084}
  m_Layer: 0
  m_Name: LToe2
  m_TagString: Untagged
  m_Icon: {fileID: 0}
  m_NavMeshLayer: 0
  m_StaticEditorFlags: 0
  m_IsActive: 1
--- !u!4 &4610309506809078084
Transform:
  m_ObjectHideFlags: 0
  m_CorrespondingSourceObject: {fileID: 0}
  m_PrefabInstance: {fileID: 0}
  m_PrefabAsset: {fileID: 0}
  m_GameObject: {fileID: 1685661211033530840}
  m_LocalRotation: {x: 0, y: -0.112621054, z: -0, w: 0.99363804}
  m_LocalPosition: {x: -0.03031132, y: 0, z: -0.02019092}
  m_LocalScale: {x: 1, y: 1, z: 1}
  m_Children:
  - {fileID: 8397889270449158168}
  m_Father: {fileID: 8146509730053204443}
  m_RootOrder: 0
  m_LocalEulerAnglesHint: {x: 0, y: 0, z: 0}
--- !u!1 &1779106659127532671
GameObject:
  m_ObjectHideFlags: 0
  m_CorrespondingSourceObject: {fileID: 0}
  m_PrefabInstance: {fileID: 0}
  m_PrefabAsset: {fileID: 0}
  serializedVersion: 6
  m_Component:
  - component: {fileID: 728299777508189057}
  m_Layer: 0
  m_Name: RForeArm
  m_TagString: Untagged
  m_Icon: {fileID: 0}
  m_NavMeshLayer: 0
  m_StaticEditorFlags: 0
  m_IsActive: 1
--- !u!4 &728299777508189057
Transform:
  m_ObjectHideFlags: 0
  m_CorrespondingSourceObject: {fileID: 0}
  m_PrefabInstance: {fileID: 0}
  m_PrefabAsset: {fileID: 0}
  m_GameObject: {fileID: 1779106659127532671}
  m_LocalRotation: {x: 0, y: 0.120526254, z: -0, w: 0.9927101}
  m_LocalPosition: {x: -0.09531693, y: 0, z: 0}
  m_LocalScale: {x: 1, y: 1, z: 1}
  m_Children:
  - {fileID: 467165708178541785}
  m_Father: {fileID: 8421029015335570559}
  m_RootOrder: 0
  m_LocalEulerAnglesHint: {x: 0, y: 0, z: 0}
--- !u!1 &1791100483467418628
GameObject:
  m_ObjectHideFlags: 0
  m_CorrespondingSourceObject: {fileID: 0}
  m_PrefabInstance: {fileID: 0}
  m_PrefabAsset: {fileID: 0}
  serializedVersion: 6
  m_Component:
  - component: {fileID: 7585611097985531212}
  m_Layer: 0
  m_Name: Origin
  m_TagString: Untagged
  m_Icon: {fileID: 0}
  m_NavMeshLayer: 0
  m_StaticEditorFlags: 0
  m_IsActive: 1
--- !u!4 &7585611097985531212
Transform:
  m_ObjectHideFlags: 0
  m_CorrespondingSourceObject: {fileID: 0}
  m_PrefabInstance: {fileID: 0}
  m_PrefabAsset: {fileID: 0}
  m_GameObject: {fileID: 1791100483467418628}
  m_LocalRotation: {x: 0, y: -0, z: -0, w: 1}
  m_LocalPosition: {x: -0, y: 0, z: 0}
  m_LocalScale: {x: 1, y: 1, z: 1}
  m_Children:
  - {fileID: 5065267628430552522}
  m_Father: {fileID: 662395904965107232}
  m_RootOrder: 0
  m_LocalEulerAnglesHint: {x: 0, y: 0, z: 0}
--- !u!1 &1979458607228935613
GameObject:
  m_ObjectHideFlags: 0
  m_CorrespondingSourceObject: {fileID: 0}
  m_PrefabInstance: {fileID: 0}
  m_PrefabAsset: {fileID: 0}
  serializedVersion: 6
  m_Component:
  - component: {fileID: 5582059708027175434}
  m_Layer: 0
  m_Name: Spine2
  m_TagString: Untagged
  m_Icon: {fileID: 0}
  m_NavMeshLayer: 0
  m_StaticEditorFlags: 0
  m_IsActive: 1
--- !u!4 &5582059708027175434
Transform:
  m_ObjectHideFlags: 0
  m_CorrespondingSourceObject: {fileID: 0}
  m_PrefabInstance: {fileID: 0}
  m_PrefabAsset: {fileID: 0}
  m_GameObject: {fileID: 1979458607228935613}
  m_LocalRotation: {x: 0, y: 0.004169488, z: -0, w: 0.9999913}
  m_LocalPosition: {x: -0.07031935, y: 0, z: 0}
  m_LocalScale: {x: 1, y: 1, z: 1}
  m_Children:
  - {fileID: 5486293494876838401}
  - {fileID: 6751640866762171766}
  - {fileID: 8327948615576858896}
  m_Father: {fileID: 2290416906187752586}
  m_RootOrder: 0
  m_LocalEulerAnglesHint: {x: 0, y: 0, z: 0}
--- !u!1 &2033038518259454443
GameObject:
  m_ObjectHideFlags: 0
  m_CorrespondingSourceObject: {fileID: 0}
  m_PrefabInstance: {fileID: 0}
  m_PrefabAsset: {fileID: 0}
  serializedVersion: 6
  m_Component:
  - component: {fileID: 7180945467990105654}
  m_Layer: 0
  m_Name: Hair1
  m_TagString: Untagged
  m_Icon: {fileID: 0}
  m_NavMeshLayer: 0
  m_StaticEditorFlags: 0
  m_IsActive: 1
--- !u!4 &7180945467990105654
Transform:
  m_ObjectHideFlags: 0
  m_CorrespondingSourceObject: {fileID: 0}
  m_PrefabInstance: {fileID: 0}
  m_PrefabAsset: {fileID: 0}
  m_GameObject: {fileID: 2033038518259454443}
  m_LocalRotation: {x: 0, y: -0.15537843, z: -0, w: 0.987855}
  m_LocalPosition: {x: -0.2814481, y: 0, z: -0.01181694}
  m_LocalScale: {x: 1, y: 1, z: 1}
  m_Children:
  - {fileID: 4584691693269815521}
  m_Father: {fileID: 3436641336467063427}
  m_RootOrder: 0
  m_LocalEulerAnglesHint: {x: 0, y: 0, z: 0}
--- !u!1 &2086616135166772353
GameObject:
  m_ObjectHideFlags: 0
  m_CorrespondingSourceObject: {fileID: 0}
  m_PrefabInstance: {fileID: 0}
  m_PrefabAsset: {fileID: 0}
  serializedVersion: 6
  m_Component:
  - component: {fileID: 7767552856550652843}
  m_Layer: 0
  m_Name: RFeelerA
  m_TagString: Untagged
  m_Icon: {fileID: 0}
  m_NavMeshLayer: 0
  m_StaticEditorFlags: 0
  m_IsActive: 1
--- !u!4 &7767552856550652843
Transform:
  m_ObjectHideFlags: 0
  m_CorrespondingSourceObject: {fileID: 0}
  m_PrefabInstance: {fileID: 0}
  m_PrefabAsset: {fileID: 0}
  m_GameObject: {fileID: 2086616135166772353}
  m_LocalRotation: {x: 0, y: 0.08517119, z: -0, w: 0.9963663}
  m_LocalPosition: {x: -0.03122908, y: 0, z: 0}
  m_LocalScale: {x: 1, y: 1, z: 1}
  m_Children: []
  m_Father: {fileID: 4673751991838229354}
  m_RootOrder: 0
  m_LocalEulerAnglesHint: {x: 0, y: 0, z: 0}
--- !u!1 &2118499443341240923
GameObject:
  m_ObjectHideFlags: 0
  m_CorrespondingSourceObject: {fileID: 0}
  m_PrefabInstance: {fileID: 0}
  m_PrefabAsset: {fileID: 0}
  serializedVersion: 6
  m_Component:
  - component: {fileID: 8327948615576858896}
  m_Layer: 0
  m_Name: RShoulder
  m_TagString: Untagged
  m_Icon: {fileID: 0}
  m_NavMeshLayer: 0
  m_StaticEditorFlags: 0
  m_IsActive: 1
--- !u!4 &8327948615576858896
Transform:
  m_ObjectHideFlags: 0
  m_CorrespondingSourceObject: {fileID: 0}
  m_PrefabInstance: {fileID: 0}
  m_PrefabAsset: {fileID: 0}
  m_GameObject: {fileID: 2118499443341240923}
  m_LocalRotation: {x: 0.73378384, y: -0.13606109, z: -0.6479995, w: 0.1521357}
  m_LocalPosition: {x: -0.08003657, y: 0.0528094, z: -0.00642995}
  m_LocalScale: {x: 1, y: 1, z: 1}
  m_Children:
  - {fileID: 8421029015335570559}
  m_Father: {fileID: 5582059708027175434}
  m_RootOrder: 2
  m_LocalEulerAnglesHint: {x: 0, y: 0, z: 0}
--- !u!1 &2127040103351032213
GameObject:
  m_ObjectHideFlags: 0
  m_CorrespondingSourceObject: {fileID: 0}
  m_PrefabInstance: {fileID: 0}
  m_PrefabAsset: {fileID: 0}
  serializedVersion: 6
  m_Component:
  - component: {fileID: 8148967716230419086}
  - component: {fileID: 5127532723735395737}
  m_Layer: 0
  m_Name: Litleo
  m_TagString: Untagged
  m_Icon: {fileID: 0}
  m_NavMeshLayer: 0
  m_StaticEditorFlags: 0
  m_IsActive: 1
--- !u!4 &8148967716230419086
Transform:
  m_ObjectHideFlags: 0
  m_CorrespondingSourceObject: {fileID: 0}
  m_PrefabInstance: {fileID: 0}
  m_PrefabAsset: {fileID: 0}
  m_GameObject: {fileID: 2127040103351032213}
  m_LocalRotation: {x: -0, y: -0, z: -0, w: 1}
  m_LocalPosition: {x: 0, y: 0, z: 0}
  m_LocalScale: {x: 0.8, y: 0.8, z: 0.8}
  m_Children:
  - {fileID: 437829270717354632}
  - {fileID: 2360625612363994430}
  - {fileID: 8312531880114202423}
  - {fileID: 1709868045048474175}
  - {fileID: 7873295079682908538}
  - {fileID: 6568616510297565535}
  - {fileID: 3646175858410480974}
  - {fileID: 8694116639734451917}
  - {fileID: 662395904965107232}
  - {fileID: 7430590988110557944}
  m_Father: {fileID: 6738003897134139464}
  m_RootOrder: 0
  m_LocalEulerAnglesHint: {x: 0, y: 0, z: 0}
--- !u!95 &5127532723735395737
Animator:
  serializedVersion: 3
  m_ObjectHideFlags: 0
  m_CorrespondingSourceObject: {fileID: 0}
  m_PrefabInstance: {fileID: 0}
  m_PrefabAsset: {fileID: 0}
  m_GameObject: {fileID: 2127040103351032213}
  m_Enabled: 1
  m_Avatar: {fileID: 0}
  m_Controller: {fileID: 9100000, guid: ba0064f1d45f88149aaad564e820a356, type: 2}
  m_CullingMode: 0
  m_UpdateMode: 0
  m_ApplyRootMotion: 0
  m_LinearVelocityBlending: 0
  m_WarningMessage: 
  m_HasTransformHierarchy: 1
  m_AllowConstantClipSamplingOptimization: 1
  m_KeepAnimatorControllerStateOnDisable: 0
--- !u!1 &2205927136981156483
GameObject:
  m_ObjectHideFlags: 0
  m_CorrespondingSourceObject: {fileID: 0}
  m_PrefabInstance: {fileID: 0}
  m_PrefabAsset: {fileID: 0}
  serializedVersion: 6
  m_Component:
  - component: {fileID: 8694116639734451917}
  - component: {fileID: 5619564330596474074}
  m_Layer: 0
  m_Name: Mouth_OptMesh_1_0_node
  m_TagString: Untagged
  m_Icon: {fileID: 0}
  m_NavMeshLayer: 0
  m_StaticEditorFlags: 0
  m_IsActive: 1
--- !u!4 &8694116639734451917
Transform:
  m_ObjectHideFlags: 0
  m_CorrespondingSourceObject: {fileID: 0}
  m_PrefabInstance: {fileID: 0}
  m_PrefabAsset: {fileID: 0}
  m_GameObject: {fileID: 2205927136981156483}
  m_LocalRotation: {x: 0, y: -0, z: -0, w: 1}
  m_LocalPosition: {x: -0, y: 0, z: 0}
  m_LocalScale: {x: 1, y: 1, z: 1}
  m_Children: []
  m_Father: {fileID: 8148967716230419086}
  m_RootOrder: 7
  m_LocalEulerAnglesHint: {x: 0, y: 0, z: 0}
--- !u!137 &5619564330596474074
SkinnedMeshRenderer:
  m_ObjectHideFlags: 0
  m_CorrespondingSourceObject: {fileID: 0}
  m_PrefabInstance: {fileID: 0}
  m_PrefabAsset: {fileID: 0}
  m_GameObject: {fileID: 2205927136981156483}
  m_Enabled: 1
  m_CastShadows: 1
  m_ReceiveShadows: 1
  m_DynamicOccludee: 1
  m_MotionVectors: 1
  m_LightProbeUsage: 1
  m_ReflectionProbeUsage: 1
  m_RayTracingMode: 0
  m_RenderingLayerMask: 1
  m_RendererPriority: 0
  m_Materials:
  - {fileID: 2100000, guid: 0f2dc2cfededbe04ba3e968cd79c265f, type: 2}
  m_StaticBatchInfo:
    firstSubMesh: 0
    subMeshCount: 0
  m_StaticBatchRoot: {fileID: 0}
  m_ProbeAnchor: {fileID: 0}
  m_LightProbeVolumeOverride: {fileID: 0}
  m_ScaleInLightmap: 1
  m_ReceiveGI: 1
  m_PreserveUVs: 0
  m_IgnoreNormalsForChartDetection: 0
  m_ImportantGI: 0
  m_StitchLightmapSeams: 1
  m_SelectedEditorRenderState: 3
  m_MinimumChartSize: 4
  m_AutoUVMaxDistance: 0.5
  m_AutoUVMaxAngle: 89
  m_LightmapParameters: {fileID: 0}
  m_SortingLayerID: 0
  m_SortingLayer: 0
  m_SortingOrder: 0
  serializedVersion: 2
  m_Quality: 0
  m_UpdateWhenOffscreen: 1
  m_SkinnedMotionVectors: 1
  m_Mesh: {fileID: 300133591359365570, guid: 9443f0334e3ae79418ef4de0dc8993fb, type: 3}
  m_Bones:
  - {fileID: 662395904965107232}
  - {fileID: 7585611097985531212}
  - {fileID: 5065267628430552522}
  - {fileID: 2290416906187752586}
  - {fileID: 5582059708027175434}
  - {fileID: 6751640866762171766}
  - {fileID: 3436641336467063427}
  - {fileID: 7180945467990105654}
  - {fileID: 4584691693269815521}
  - {fileID: 6287451193462295640}
  - {fileID: 8967272026945076754}
  - {fileID: 3816760079781240344}
  - {fileID: 5486293494876838401}
  - {fileID: 4799891333690180220}
  - {fileID: 588543320397859283}
  - {fileID: 6546995723064452021}
  - {fileID: 7629480988491154827}
  - {fileID: 2743441335776039112}
  - {fileID: 8327948615576858896}
  - {fileID: 8421029015335570559}
  - {fileID: 728299777508189057}
  - {fileID: 467165708178541785}
  - {fileID: 4673751991838229354}
  - {fileID: 7767552856550652843}
  - {fileID: 6131661559127782375}
  - {fileID: 4041034675300306523}
  - {fileID: 3703777418106706065}
  - {fileID: 4621920279594032388}
  - {fileID: 2732600273555328937}
  - {fileID: 2088139660246073348}
  - {fileID: 3588595608804026860}
  - {fileID: 6747138558531576212}
  - {fileID: 8146509730053204443}
  - {fileID: 4610309506809078084}
  - {fileID: 8397889270449158168}
  - {fileID: 938807127927543515}
  - {fileID: 2008056676737031750}
  - {fileID: 5798009811217329746}
  - {fileID: 6337653323816193676}
  - {fileID: 7469662809744697320}
  - {fileID: 3481412098994318366}
  - {fileID: 4724850755075793866}
  - {fileID: 5477031613277909491}
  - {fileID: 1451150904330835212}
  - {fileID: 3240821642082719321}
  m_BlendShapeWeights: []
  m_RootBone: {fileID: 662395904965107232}
  m_AABB:
    m_Center: {x: 0, y: 0.25652355, z: 0.30297315}
    m_Extent: {x: 0.08519809, y: 0.049768478, z: 0.050800443}
  m_DirtyAABB: 0
--- !u!1 &2349033220658289594
GameObject:
  m_ObjectHideFlags: 0
  m_CorrespondingSourceObject: {fileID: 0}
  m_PrefabInstance: {fileID: 0}
  m_PrefabAsset: {fileID: 0}
  serializedVersion: 6
  m_Component:
  - component: {fileID: 6287451193462295640}
  m_Layer: 0
  m_Name: Nose
  m_TagString: Untagged
  m_Icon: {fileID: 0}
  m_NavMeshLayer: 0
  m_StaticEditorFlags: 0
  m_IsActive: 1
--- !u!4 &6287451193462295640
Transform:
  m_ObjectHideFlags: 0
  m_CorrespondingSourceObject: {fileID: 0}
  m_PrefabInstance: {fileID: 0}
  m_PrefabAsset: {fileID: 0}
  m_GameObject: {fileID: 2349033220658289594}
  m_LocalRotation: {x: 0.78552824, y: -3.789215e-17, z: -0.6188258, w: -4.8099732e-17}
  m_LocalPosition: {x: -0.1448855, y: 0, z: 0.200482}
  m_LocalScale: {x: 1, y: 1, z: 1}
  m_Children: []
  m_Father: {fileID: 3436641336467063427}
  m_RootOrder: 2
  m_LocalEulerAnglesHint: {x: 0, y: 0, z: 0}
--- !u!1 &2937955057683341414
GameObject:
  m_ObjectHideFlags: 0
  m_CorrespondingSourceObject: {fileID: 0}
  m_PrefabInstance: {fileID: 0}
  m_PrefabAsset: {fileID: 0}
  serializedVersion: 6
  m_Component:
  - component: {fileID: 3481412098994318366}
  m_Layer: 0
  m_Name: RToe2
  m_TagString: Untagged
  m_Icon: {fileID: 0}
  m_NavMeshLayer: 0
  m_StaticEditorFlags: 0
  m_IsActive: 1
--- !u!4 &3481412098994318366
Transform:
  m_ObjectHideFlags: 0
  m_CorrespondingSourceObject: {fileID: 0}
  m_PrefabInstance: {fileID: 0}
  m_PrefabAsset: {fileID: 0}
  m_GameObject: {fileID: 2937955057683341414}
  m_LocalRotation: {x: 0, y: -0.11262053, z: -0, w: 0.9936381}
  m_LocalPosition: {x: -0.030311, y: 0, z: -0.020190898}
  m_LocalScale: {x: 1, y: 1, z: 1}
  m_Children:
  - {fileID: 4724850755075793866}
  m_Father: {fileID: 7469662809744697320}
  m_RootOrder: 0
  m_LocalEulerAnglesHint: {x: 0, y: 0, z: 0}
--- !u!1 &3042097588196547145
GameObject:
  m_ObjectHideFlags: 0
  m_CorrespondingSourceObject: {fileID: 0}
  m_PrefabInstance: {fileID: 0}
  m_PrefabAsset: {fileID: 0}
  serializedVersion: 6
  m_Component:
  - component: {fileID: 437829270717354632}
  - component: {fileID: 9141549320384042604}
  m_Layer: 0
  m_Name: BodyA00_OptMesh_6_0_node
  m_TagString: Untagged
  m_Icon: {fileID: 0}
  m_NavMeshLayer: 0
  m_StaticEditorFlags: 0
  m_IsActive: 1
--- !u!4 &437829270717354632
Transform:
  m_ObjectHideFlags: 0
  m_CorrespondingSourceObject: {fileID: 0}
  m_PrefabInstance: {fileID: 0}
  m_PrefabAsset: {fileID: 0}
  m_GameObject: {fileID: 3042097588196547145}
  m_LocalRotation: {x: 0, y: -0, z: -0, w: 1}
  m_LocalPosition: {x: -0, y: 0, z: 0}
  m_LocalScale: {x: 1, y: 1, z: 1}
  m_Children: []
  m_Father: {fileID: 8148967716230419086}
  m_RootOrder: 0
  m_LocalEulerAnglesHint: {x: 0, y: 0, z: 0}
--- !u!137 &9141549320384042604
SkinnedMeshRenderer:
  m_ObjectHideFlags: 0
  m_CorrespondingSourceObject: {fileID: 0}
  m_PrefabInstance: {fileID: 0}
  m_PrefabAsset: {fileID: 0}
  m_GameObject: {fileID: 3042097588196547145}
  m_Enabled: 1
  m_CastShadows: 1
  m_ReceiveShadows: 1
  m_DynamicOccludee: 1
  m_MotionVectors: 1
  m_LightProbeUsage: 1
  m_ReflectionProbeUsage: 1
  m_RayTracingMode: 0
  m_RenderingLayerMask: 1
  m_RendererPriority: 0
  m_Materials:
  - {fileID: 2100000, guid: 0739ef3db5bf8654b9fcb9dc72320905, type: 2}
  m_StaticBatchInfo:
    firstSubMesh: 0
    subMeshCount: 0
  m_StaticBatchRoot: {fileID: 0}
  m_ProbeAnchor: {fileID: 0}
  m_LightProbeVolumeOverride: {fileID: 0}
  m_ScaleInLightmap: 1
  m_ReceiveGI: 1
  m_PreserveUVs: 0
  m_IgnoreNormalsForChartDetection: 0
  m_ImportantGI: 0
  m_StitchLightmapSeams: 1
  m_SelectedEditorRenderState: 3
  m_MinimumChartSize: 4
  m_AutoUVMaxDistance: 0.5
  m_AutoUVMaxAngle: 89
  m_LightmapParameters: {fileID: 0}
  m_SortingLayerID: 0
  m_SortingLayer: 0
  m_SortingOrder: 0
  serializedVersion: 2
  m_Quality: 0
  m_UpdateWhenOffscreen: 1
  m_SkinnedMotionVectors: 1
  m_Mesh: {fileID: 4582411955567663919, guid: 9443f0334e3ae79418ef4de0dc8993fb, type: 3}
  m_Bones:
  - {fileID: 662395904965107232}
  - {fileID: 7585611097985531212}
  - {fileID: 5065267628430552522}
  - {fileID: 2290416906187752586}
  - {fileID: 5582059708027175434}
  - {fileID: 6751640866762171766}
  - {fileID: 3436641336467063427}
  - {fileID: 7180945467990105654}
  - {fileID: 4584691693269815521}
  - {fileID: 6287451193462295640}
  - {fileID: 8967272026945076754}
  - {fileID: 3816760079781240344}
  - {fileID: 5486293494876838401}
  - {fileID: 4799891333690180220}
  - {fileID: 588543320397859283}
  - {fileID: 6546995723064452021}
  - {fileID: 7629480988491154827}
  - {fileID: 2743441335776039112}
  - {fileID: 8327948615576858896}
  - {fileID: 8421029015335570559}
  - {fileID: 728299777508189057}
  - {fileID: 467165708178541785}
  - {fileID: 4673751991838229354}
  - {fileID: 7767552856550652843}
  - {fileID: 6131661559127782375}
  - {fileID: 4041034675300306523}
  - {fileID: 3703777418106706065}
  - {fileID: 4621920279594032388}
  - {fileID: 2732600273555328937}
  - {fileID: 2088139660246073348}
  - {fileID: 3588595608804026860}
  - {fileID: 6747138558531576212}
  - {fileID: 8146509730053204443}
  - {fileID: 4610309506809078084}
  - {fileID: 8397889270449158168}
  - {fileID: 938807127927543515}
  - {fileID: 2008056676737031750}
  - {fileID: 5798009811217329746}
  - {fileID: 6337653323816193676}
  - {fileID: 7469662809744697320}
  - {fileID: 3481412098994318366}
  - {fileID: 4724850755075793866}
  - {fileID: 5477031613277909491}
  - {fileID: 1451150904330835212}
  - {fileID: 3240821642082719321}
  m_BlendShapeWeights: []
  m_RootBone: {fileID: 662395904965107232}
  m_AABB:
    m_Center: {x: -0.017355733, y: 0.2478168, z: -0.03511782}
    m_Extent: {x: 0.15974045, y: 0.26097476, z: 0.45111012}
  m_DirtyAABB: 0
--- !u!1 &3155734170844134518
GameObject:
  m_ObjectHideFlags: 0
  m_CorrespondingSourceObject: {fileID: 0}
  m_PrefabInstance: {fileID: 0}
  m_PrefabAsset: {fileID: 0}
  serializedVersion: 6
  m_Component:
  - component: {fileID: 6337653323816193676}
  m_Layer: 0
  m_Name: RFoot
  m_TagString: Untagged
  m_Icon: {fileID: 0}
  m_NavMeshLayer: 0
  m_StaticEditorFlags: 0
  m_IsActive: 1
--- !u!4 &6337653323816193676
Transform:
  m_ObjectHideFlags: 0
  m_CorrespondingSourceObject: {fileID: 0}
  m_PrefabInstance: {fileID: 0}
  m_PrefabAsset: {fileID: 0}
  m_GameObject: {fileID: 3155734170844134518}
  m_LocalRotation: {x: 8.016416e-17, y: 0.92200714, z: -8.016416e-17, w: 0.38717285}
  m_LocalPosition: {x: -0.07297122, y: 0, z: 0}
  m_LocalScale: {x: 1, y: 1, z: 1}
  m_Children:
  - {fileID: 7469662809744697320}
  m_Father: {fileID: 5798009811217329746}
  m_RootOrder: 0
  m_LocalEulerAnglesHint: {x: 0, y: 0, z: 0}
--- !u!1 &3533847038347410993
GameObject:
  m_ObjectHideFlags: 0
  m_CorrespondingSourceObject: {fileID: 0}
  m_PrefabInstance: {fileID: 0}
  m_PrefabAsset: {fileID: 0}
  serializedVersion: 6
  m_Component:
  - component: {fileID: 5065267628430552522}
  m_Layer: 0
  m_Name: Waist
  m_TagString: Untagged
  m_Icon: {fileID: 0}
  m_NavMeshLayer: 0
  m_StaticEditorFlags: 0
  m_IsActive: 1
--- !u!4 &5065267628430552522
Transform:
  m_ObjectHideFlags: 0
  m_CorrespondingSourceObject: {fileID: 0}
  m_PrefabInstance: {fileID: 0}
  m_PrefabAsset: {fileID: 0}
  m_GameObject: {fileID: 3533847038347410993}
  m_LocalRotation: {x: 0.49948582, y: 0.499486, z: -0.5005135, w: 0.5005137}
  m_LocalPosition: {x: -0, y: 0.2746335, z: -0.0423526}
  m_LocalScale: {x: 1, y: 1, z: 1}
  m_Children:
  - {fileID: 6131661559127782375}
  - {fileID: 2290416906187752586}
  m_Father: {fileID: 7585611097985531212}
  m_RootOrder: 0
  m_LocalEulerAnglesHint: {x: 0, y: 0, z: 0}
--- !u!1 &3664743488380086814
GameObject:
  m_ObjectHideFlags: 0
  m_CorrespondingSourceObject: {fileID: 0}
  m_PrefabInstance: {fileID: 0}
  m_PrefabAsset: {fileID: 0}
  serializedVersion: 6
  m_Component:
  - component: {fileID: 8146509730053204443}
  m_Layer: 0
  m_Name: LToe1
  m_TagString: Untagged
  m_Icon: {fileID: 0}
  m_NavMeshLayer: 0
  m_StaticEditorFlags: 0
  m_IsActive: 1
--- !u!4 &8146509730053204443
Transform:
  m_ObjectHideFlags: 0
  m_CorrespondingSourceObject: {fileID: 0}
  m_PrefabInstance: {fileID: 0}
  m_PrefabAsset: {fileID: 0}
  m_GameObject: {fileID: 3664743488380086814}
  m_LocalRotation: {x: 0, y: -0, z: -0, w: 1}
  m_LocalPosition: {x: -0.0058842697, y: 0, z: -0.06731318}
  m_LocalScale: {x: 1, y: 1, z: 1}
  m_Children:
  - {fileID: 4610309506809078084}
  m_Father: {fileID: 6747138558531576212}
  m_RootOrder: 0
  m_LocalEulerAnglesHint: {x: 0, y: 0, z: 0}
--- !u!1 &4005417865689997423
GameObject:
  m_ObjectHideFlags: 0
  m_CorrespondingSourceObject: {fileID: 0}
  m_PrefabInstance: {fileID: 0}
  m_PrefabAsset: {fileID: 0}
  serializedVersion: 6
  m_Component:
  - component: {fileID: 2743441335776039112}
  m_Layer: 0
  m_Name: LFeelerA
  m_TagString: Untagged
  m_Icon: {fileID: 0}
  m_NavMeshLayer: 0
  m_StaticEditorFlags: 0
  m_IsActive: 1
--- !u!4 &2743441335776039112
Transform:
  m_ObjectHideFlags: 0
  m_CorrespondingSourceObject: {fileID: 0}
  m_PrefabInstance: {fileID: 0}
  m_PrefabAsset: {fileID: 0}
  m_GameObject: {fileID: 4005417865689997423}
  m_LocalRotation: {x: 0, y: 0.08517268, z: -0, w: 0.9963662}
  m_LocalPosition: {x: -0.03122852, y: 0, z: 0}
  m_LocalScale: {x: 1, y: 1, z: 1}
  m_Children: []
  m_Father: {fileID: 7629480988491154827}
  m_RootOrder: 0
  m_LocalEulerAnglesHint: {x: 0, y: 0, z: 0}
--- !u!1 &4257384135014836355
GameObject:
  m_ObjectHideFlags: 0
  m_CorrespondingSourceObject: {fileID: 0}
  m_PrefabInstance: {fileID: 0}
  m_PrefabAsset: {fileID: 0}
  serializedVersion: 6
  m_Component:
  - component: {fileID: 3816760079781240344}
  m_Layer: 0
  m_Name: REar
  m_TagString: Untagged
  m_Icon: {fileID: 0}
  m_NavMeshLayer: 0
  m_StaticEditorFlags: 0
  m_IsActive: 1
--- !u!4 &3816760079781240344
Transform:
  m_ObjectHideFlags: 0
  m_CorrespondingSourceObject: {fileID: 0}
  m_PrefabInstance: {fileID: 0}
  m_PrefabAsset: {fileID: 0}
  m_GameObject: {fileID: 4257384135014836355}
  m_LocalRotation: {x: 0.051606115, y: -0.12656789, z: -0.38338464, w: 0.91341865}
  m_LocalPosition: {x: -0.2253384, y: 0.117327, z: 0.00370354}
  m_LocalScale: {x: 1, y: 1, z: 1}
  m_Children: []
  m_Father: {fileID: 3436641336467063427}
  m_RootOrder: 3
  m_LocalEulerAnglesHint: {x: 0, y: 0, z: 0}
--- !u!1 &4960454209459163143
GameObject:
  m_ObjectHideFlags: 0
  m_CorrespondingSourceObject: {fileID: 0}
  m_PrefabInstance: {fileID: 0}
  m_PrefabAsset: {fileID: 0}
  serializedVersion: 6
  m_Component:
  - component: {fileID: 3436641336467063427}
  m_Layer: 0
  m_Name: Head
  m_TagString: Untagged
  m_Icon: {fileID: 0}
  m_NavMeshLayer: 0
  m_StaticEditorFlags: 0
  m_IsActive: 1
--- !u!4 &3436641336467063427
Transform:
  m_ObjectHideFlags: 0
  m_CorrespondingSourceObject: {fileID: 0}
  m_PrefabInstance: {fileID: 0}
  m_PrefabAsset: {fileID: 0}
  m_GameObject: {fileID: 4960454209459163143}
  m_LocalRotation: {x: 0, y: 0.24074416, z: -0, w: 0.9705886}
  m_LocalPosition: {x: -0.07697954, y: 0, z: 0}
  m_LocalScale: {x: 1, y: 1, z: 1}
  m_Children:
  - {fileID: 7180945467990105654}
  - {fileID: 8967272026945076754}
  - {fileID: 6287451193462295640}
  - {fileID: 3816760079781240344}
  m_Father: {fileID: 6751640866762171766}
  m_RootOrder: 0
  m_LocalEulerAnglesHint: {x: 0, y: 0, z: 0}
--- !u!1 &5050971852235940659
GameObject:
  m_ObjectHideFlags: 0
  m_CorrespondingSourceObject: {fileID: 0}
  m_PrefabInstance: {fileID: 0}
  m_PrefabAsset: {fileID: 0}
  serializedVersion: 6
  m_Component:
  - component: {fileID: 7430590988110557944}
  - component: {fileID: 9139656158767496328}
  m_Layer: 0
  m_Name: RIris_OptMesh_4_0_node
  m_TagString: Untagged
  m_Icon: {fileID: 0}
  m_NavMeshLayer: 0
  m_StaticEditorFlags: 0
  m_IsActive: 1
--- !u!4 &7430590988110557944
Transform:
  m_ObjectHideFlags: 0
  m_CorrespondingSourceObject: {fileID: 0}
  m_PrefabInstance: {fileID: 0}
  m_PrefabAsset: {fileID: 0}
  m_GameObject: {fileID: 5050971852235940659}
  m_LocalRotation: {x: 0, y: -0, z: -0, w: 1}
  m_LocalPosition: {x: -0, y: 0, z: 0}
  m_LocalScale: {x: 1, y: 1, z: 1}
  m_Children: []
  m_Father: {fileID: 8148967716230419086}
  m_RootOrder: 9
  m_LocalEulerAnglesHint: {x: 0, y: 0, z: 0}
--- !u!137 &9139656158767496328
SkinnedMeshRenderer:
  m_ObjectHideFlags: 0
  m_CorrespondingSourceObject: {fileID: 0}
  m_PrefabInstance: {fileID: 0}
  m_PrefabAsset: {fileID: 0}
  m_GameObject: {fileID: 5050971852235940659}
  m_Enabled: 1
  m_CastShadows: 1
  m_ReceiveShadows: 1
  m_DynamicOccludee: 1
  m_MotionVectors: 1
  m_LightProbeUsage: 1
  m_ReflectionProbeUsage: 1
  m_RayTracingMode: 0
  m_RenderingLayerMask: 1
  m_RendererPriority: 0
  m_Materials:
  - {fileID: 2100000, guid: fe084f9d831786c4a8c5c51b6a8cebc0, type: 2}
  m_StaticBatchInfo:
    firstSubMesh: 0
    subMeshCount: 0
  m_StaticBatchRoot: {fileID: 0}
  m_ProbeAnchor: {fileID: 0}
  m_LightProbeVolumeOverride: {fileID: 0}
  m_ScaleInLightmap: 1
  m_ReceiveGI: 1
  m_PreserveUVs: 0
  m_IgnoreNormalsForChartDetection: 0
  m_ImportantGI: 0
  m_StitchLightmapSeams: 1
  m_SelectedEditorRenderState: 3
  m_MinimumChartSize: 4
  m_AutoUVMaxDistance: 0.5
  m_AutoUVMaxAngle: 89
  m_LightmapParameters: {fileID: 0}
  m_SortingLayerID: 0
  m_SortingLayer: 0
  m_SortingOrder: 0
  serializedVersion: 2
  m_Quality: 0
  m_UpdateWhenOffscreen: 1
  m_SkinnedMotionVectors: 1
  m_Mesh: {fileID: 2782226127346441718, guid: 9443f0334e3ae79418ef4de0dc8993fb, type: 3}
  m_Bones:
  - {fileID: 662395904965107232}
  - {fileID: 7585611097985531212}
  - {fileID: 5065267628430552522}
  - {fileID: 2290416906187752586}
  - {fileID: 5582059708027175434}
  - {fileID: 6751640866762171766}
  - {fileID: 3436641336467063427}
  - {fileID: 7180945467990105654}
  - {fileID: 4584691693269815521}
  - {fileID: 6287451193462295640}
  - {fileID: 8967272026945076754}
  - {fileID: 3816760079781240344}
  - {fileID: 5486293494876838401}
  - {fileID: 4799891333690180220}
  - {fileID: 588543320397859283}
  - {fileID: 6546995723064452021}
  - {fileID: 7629480988491154827}
  - {fileID: 2743441335776039112}
  - {fileID: 8327948615576858896}
  - {fileID: 8421029015335570559}
  - {fileID: 728299777508189057}
  - {fileID: 467165708178541785}
  - {fileID: 4673751991838229354}
  - {fileID: 7767552856550652843}
  - {fileID: 6131661559127782375}
  - {fileID: 4041034675300306523}
  - {fileID: 3703777418106706065}
  - {fileID: 4621920279594032388}
  - {fileID: 2732600273555328937}
  - {fileID: 2088139660246073348}
  - {fileID: 3588595608804026860}
  - {fileID: 6747138558531576212}
  - {fileID: 8146509730053204443}
  - {fileID: 4610309506809078084}
  - {fileID: 8397889270449158168}
  - {fileID: 938807127927543515}
  - {fileID: 2008056676737031750}
  - {fileID: 5798009811217329746}
  - {fileID: 6337653323816193676}
  - {fileID: 7469662809744697320}
  - {fileID: 3481412098994318366}
  - {fileID: 4724850755075793866}
  - {fileID: 5477031613277909491}
  - {fileID: 1451150904330835212}
  - {fileID: 3240821642082719321}
  m_BlendShapeWeights: []
  m_RootBone: {fileID: 662395904965107232}
  m_AABB:
    m_Center: {x: 0.0810363, y: 0.35869882, z: 0.37094277}
    m_Extent: {x: 0.066624105, y: 0.088413, z: 0.08943465}
  m_DirtyAABB: 0
--- !u!1 &5464055021098657521
GameObject:
  m_ObjectHideFlags: 0
  m_CorrespondingSourceObject: {fileID: 0}
  m_PrefabInstance: {fileID: 0}
  m_PrefabAsset: {fileID: 0}
  serializedVersion: 6
  m_Component:
  - component: {fileID: 6546995723064452021}
  m_Layer: 0
  m_Name: LHand
  m_TagString: Untagged
  m_Icon: {fileID: 0}
  m_NavMeshLayer: 0
  m_StaticEditorFlags: 0
  m_IsActive: 1
--- !u!4 &6546995723064452021
Transform:
  m_ObjectHideFlags: 0
  m_CorrespondingSourceObject: {fileID: 0}
  m_PrefabInstance: {fileID: 0}
  m_PrefabAsset: {fileID: 0}
  m_GameObject: {fileID: 5464055021098657521}
  m_LocalRotation: {x: 0, y: 0.6907867, z: -0, w: 0.7230586}
  m_LocalPosition: {x: -0.08850137, y: 0, z: 0}
  m_LocalScale: {x: 1, y: 1, z: 1}
  m_Children:
  - {fileID: 7629480988491154827}
  m_Father: {fileID: 588543320397859283}
  m_RootOrder: 0
  m_LocalEulerAnglesHint: {x: 0, y: 0, z: 0}
--- !u!1 &5600455095464217124
GameObject:
  m_ObjectHideFlags: 0
  m_CorrespondingSourceObject: {fileID: 0}
  m_PrefabInstance: {fileID: 0}
  m_PrefabAsset: {fileID: 0}
  serializedVersion: 6
  m_Component:
  - component: {fileID: 6738003897134139464}
  - component: {fileID: 8615141706714846605}
  - component: {fileID: 7275789207655239036}
  - component: {fileID: 6584686649838171820}
  - component: {fileID: 5970618757572051882}
  - component: {fileID: 137313121979972104}
  - component: {fileID: 2304335156372206683}
  m_Layer: 15
  m_Name: Litleo
  m_TagString: Untagged
  m_Icon: {fileID: 0}
  m_NavMeshLayer: 0
  m_StaticEditorFlags: 0
  m_IsActive: 1
--- !u!4 &6738003897134139464
Transform:
  m_ObjectHideFlags: 0
  m_CorrespondingSourceObject: {fileID: 0}
  m_PrefabInstance: {fileID: 0}
  m_PrefabAsset: {fileID: 0}
  m_GameObject: {fileID: 5600455095464217124}
  m_LocalRotation: {x: 0, y: 0, z: 0, w: 1}
  m_LocalPosition: {x: 0, y: 0, z: 0}
  m_LocalScale: {x: 1, y: 1, z: 1}
  m_Children:
  - {fileID: 8148967716230419086}
  m_Father: {fileID: 0}
  m_RootOrder: 0
  m_LocalEulerAnglesHint: {x: 0, y: 0, z: 0}
--- !u!136 &8615141706714846605
CapsuleCollider:
  m_ObjectHideFlags: 0
  m_CorrespondingSourceObject: {fileID: 0}
  m_PrefabInstance: {fileID: 0}
  m_PrefabAsset: {fileID: 0}
  m_GameObject: {fileID: 5600455095464217124}
  m_Material: {fileID: 13400000, guid: c2815a7ab32e42c4bb42f59caacb8ec1, type: 2}
  m_IsTrigger: 0
  m_Enabled: 1
  m_Radius: 0.3
  m_Height: 0
  m_Direction: 1
  m_Center: {x: 0, y: 0.3, z: 0}
--- !u!54 &7275789207655239036
Rigidbody:
  m_ObjectHideFlags: 0
  m_CorrespondingSourceObject: {fileID: 0}
  m_PrefabInstance: {fileID: 0}
  m_PrefabAsset: {fileID: 0}
  m_GameObject: {fileID: 5600455095464217124}
  serializedVersion: 2
  m_Mass: 1
  m_Drag: 0.4
  m_AngularDrag: 0
  m_UseGravity: 1
  m_IsKinematic: 0
  m_Interpolate: 0
  m_Constraints: 112
  m_CollisionDetection: 0
--- !u!114 &6584686649838171820
MonoBehaviour:
  m_ObjectHideFlags: 0
  m_CorrespondingSourceObject: {fileID: 0}
  m_PrefabInstance: {fileID: 0}
  m_PrefabAsset: {fileID: 0}
  m_GameObject: {fileID: 5600455095464217124}
  m_Enabled: 1
  m_EditorHideFlags: 0
  m_Script: {fileID: 11500000, guid: f470f4d3f675b9d4f8a0e21a856fc913, type: 3}
  m_Name: 
  m_EditorClassIdentifier: 
--- !u!114 &5970618757572051882
MonoBehaviour:
  m_ObjectHideFlags: 0
  m_CorrespondingSourceObject: {fileID: 0}
  m_PrefabInstance: {fileID: 0}
  m_PrefabAsset: {fileID: 0}
  m_GameObject: {fileID: 5600455095464217124}
  m_Enabled: 1
  m_EditorHideFlags: 0
  m_Script: {fileID: 11500000, guid: 1aa395343a6de9c4caefcc5c2f9f89b3, type: 3}
  m_Name: 
  m_EditorClassIdentifier: 
--- !u!114 &137313121979972104
MonoBehaviour:
  m_ObjectHideFlags: 0
  m_CorrespondingSourceObject: {fileID: 0}
  m_PrefabInstance: {fileID: 0}
  m_PrefabAsset: {fileID: 0}
  m_GameObject: {fileID: 5600455095464217124}
  m_Enabled: 1
  m_EditorHideFlags: 0
  m_Script: {fileID: 11500000, guid: e1c72a442599b2f49b9f471be7b41624, type: 3}
  m_Name: 
  m_EditorClassIdentifier: 
--- !u!114 &2304335156372206683
MonoBehaviour:
  m_ObjectHideFlags: 0
  m_CorrespondingSourceObject: {fileID: 0}
  m_PrefabInstance: {fileID: 0}
  m_PrefabAsset: {fileID: 0}
  m_GameObject: {fileID: 5600455095464217124}
  m_Enabled: 1
  m_EditorHideFlags: 0
  m_Script: {fileID: 11500000, guid: 8a6f186a7b864354e8aca530d415879e, type: 3}
  m_Name: 
  m_EditorClassIdentifier: 
  maxWalkSpeed: 3
  turnSmoothing: 15
  runSpeedMultiplier: 1.5
  airControl: 0.2
  flyWhenWalking: 0
  flyWhenRunning: 0
  alwaysVisible: 0
  head: {fileID: 3436641336467063427}
  headInteractPoint: {x: -0.45, y: 0, z: -0.1}
  headOffset: 30
  lookAtPlayer: 0
  eyes: {fileID: 3627202908121048543}
  mouth: {fileID: 0}
  effects: {fileID: 11400000, guid: 258dd79d9fedd994e8dfb481f6aca5dc, type: 2}
  handleAnimation: 1
  dungeonScale: 1
  animationClips:
  - {fileID: 7400000, guid: 26ad4cebe96e0f2458e3c3a16945a973, type: 2}
  - {fileID: 7400000, guid: 58f591d1e4b70c348af9b21acd6a2838, type: 2}
  - {fileID: 7400000, guid: 9db2d25897fe35e409231f8af5881669, type: 2}
  - {fileID: 7400000, guid: 6bee136aa3ce47b44a2b5bf2fc6ae48a, type: 2}
  - {fileID: 7400000, guid: 73545569faf41d945973ec8229c4272b, type: 2}
  - {fileID: 7400000, guid: 5a45b7b27560eb645b6d5a062cc31eb0, type: 2}
  - {fileID: 7400000, guid: 81b1fe55bd5617e4aa8ffe8e22304eb0, type: 2}
  - {fileID: 7400000, guid: 6476f54e4dbe189418978441f3f09167, type: 2}
  - {fileID: 7400000, guid: be6a1e19c5c63cd48b881c3f8a9f5cf9, type: 2}
  - {fileID: 7400000, guid: 5b32f3a99215f5a4898585fac0ce8011, type: 2}
  - {fileID: 7400000, guid: 2012c91c21ef596499e7a28063388f44, type: 2}
  - {fileID: 7400000, guid: 561b5c8ae2cd0904ea172a3790f4c61e, type: 2}
  - {fileID: 7400000, guid: eb03d2aef03266a4c9e37c7eb31bbf1f, type: 2}
  - {fileID: 7400000, guid: 324f77d8c07969444bbb55b4933400f1, type: 2}
  - {fileID: 7400000, guid: 25bdcea3fcd68844eb13f426f779197e, type: 2}
  - {fileID: 7400000, guid: 632574c8e03acc24693349b60c01877f, type: 2}
  - {fileID: 7400000, guid: 6793b5b6501b2e742b7955d07e0e4197, type: 2}
  - {fileID: 7400000, guid: 2192999583e3ea44eb322817cca19d0e, type: 2}
  - {fileID: 7400000, guid: fa5ea403353442c48a820dc7184be9d2, type: 2}
  - {fileID: 7400000, guid: 7b8b5bd968373164caf68cd4c62ae138, type: 2}
  - {fileID: 7400000, guid: 12a9b5b020183e94bbf7177dbf191046, type: 2}
  - {fileID: 7400000, guid: 07af9a7fe0c33634a96216b4d9001ec1, type: 2}
  - {fileID: 7400000, guid: 449b28023ba0e3548980633ef991305e, type: 2}
  - {fileID: 7400000, guid: 9881f1a35b6c80f48bf255d1be4b544b, type: 2}
--- !u!1 &5797372427442727240
GameObject:
  m_ObjectHideFlags: 0
  m_CorrespondingSourceObject: {fileID: 0}
  m_PrefabInstance: {fileID: 0}
  m_PrefabAsset: {fileID: 0}
  serializedVersion: 6
  m_Component:
  - component: {fileID: 6131661559127782375}
  m_Layer: 0
  m_Name: Hips
  m_TagString: Untagged
  m_Icon: {fileID: 0}
  m_NavMeshLayer: 0
  m_StaticEditorFlags: 0
  m_IsActive: 1
--- !u!4 &6131661559127782375
Transform:
  m_ObjectHideFlags: 0
  m_CorrespondingSourceObject: {fileID: 0}
  m_PrefabInstance: {fileID: 0}
  m_PrefabAsset: {fileID: 0}
  m_GameObject: {fileID: 5797372427442727240}
  m_LocalRotation: {x: 0.0010279997, y: -6.294682e-20, z: 0.99999946, w: 6.123231e-17}
  m_LocalPosition: {x: -0, y: 0, z: 0}
  m_LocalScale: {x: 1, y: 1, z: 1}
  m_Children:
  - {fileID: 2732600273555328937}
  - {fileID: 938807127927543515}
  - {fileID: 4041034675300306523}
  m_Father: {fileID: 5065267628430552522}
  m_RootOrder: 0
  m_LocalEulerAnglesHint: {x: 0, y: 0, z: 0}
--- !u!1 &5816691347819550615
GameObject:
  m_ObjectHideFlags: 0
  m_CorrespondingSourceObject: {fileID: 0}
  m_PrefabInstance: {fileID: 0}
  m_PrefabAsset: {fileID: 0}
  serializedVersion: 6
  m_Component:
  - component: {fileID: 4724850755075793866}
  m_Layer: 0
  m_Name: RFeelerB
  m_TagString: Untagged
  m_Icon: {fileID: 0}
  m_NavMeshLayer: 0
  m_StaticEditorFlags: 0
  m_IsActive: 1
--- !u!4 &4724850755075793866
Transform:
  m_ObjectHideFlags: 0
  m_CorrespondingSourceObject: {fileID: 0}
  m_PrefabInstance: {fileID: 0}
  m_PrefabAsset: {fileID: 0}
  m_GameObject: {fileID: 5816691347819550615}
  m_LocalRotation: {x: 0, y: 0.11262053, z: -0, w: 0.9936381}
  m_LocalPosition: {x: -0.028035158, y: 0, z: 0}
  m_LocalScale: {x: 1, y: 1, z: 1}
  m_Children: []
  m_Father: {fileID: 3481412098994318366}
  m_RootOrder: 0
  m_LocalEulerAnglesHint: {x: 0, y: 0, z: 0}
--- !u!1 &5950379619029010989
GameObject:
  m_ObjectHideFlags: 0
  m_CorrespondingSourceObject: {fileID: 0}
  m_PrefabInstance: {fileID: 0}
  m_PrefabAsset: {fileID: 0}
  serializedVersion: 6
  m_Component:
  - component: {fileID: 3703777418106706065}
  m_Layer: 0
  m_Name: Tail2
  m_TagString: Untagged
  m_Icon: {fileID: 0}
  m_NavMeshLayer: 0
  m_StaticEditorFlags: 0
  m_IsActive: 1
--- !u!4 &3703777418106706065
Transform:
  m_ObjectHideFlags: 0
  m_CorrespondingSourceObject: {fileID: 0}
  m_PrefabInstance: {fileID: 0}
  m_PrefabAsset: {fileID: 0}
  m_GameObject: {fileID: 5950379619029010989}
  m_LocalRotation: {x: 0, y: -0, z: -0, w: 1}
  m_LocalPosition: {x: -0.06516364, y: 0, z: 0}
  m_LocalScale: {x: 1, y: 1, z: 1}
  m_Children:
  - {fileID: 4621920279594032388}
  m_Father: {fileID: 4041034675300306523}
  m_RootOrder: 0
  m_LocalEulerAnglesHint: {x: 0, y: 0, z: 0}
--- !u!1 &6036149518920297027
GameObject:
  m_ObjectHideFlags: 0
  m_CorrespondingSourceObject: {fileID: 0}
  m_PrefabInstance: {fileID: 0}
  m_PrefabAsset: {fileID: 0}
  serializedVersion: 6
  m_Component:
  - component: {fileID: 7469662809744697320}
  m_Layer: 0
  m_Name: RToe1
  m_TagString: Untagged
  m_Icon: {fileID: 0}
  m_NavMeshLayer: 0
  m_StaticEditorFlags: 0
  m_IsActive: 1
--- !u!4 &7469662809744697320
Transform:
  m_ObjectHideFlags: 0
  m_CorrespondingSourceObject: {fileID: 0}
  m_PrefabInstance: {fileID: 0}
  m_PrefabAsset: {fileID: 0}
  m_GameObject: {fileID: 6036149518920297027}
  m_LocalRotation: {x: 0, y: -0, z: -0, w: 1}
  m_LocalPosition: {x: -0.005884, y: 0, z: -0.0673128}
  m_LocalScale: {x: 1, y: 1, z: 1}
  m_Children:
  - {fileID: 3481412098994318366}
  m_Father: {fileID: 6337653323816193676}
  m_RootOrder: 0
  m_LocalEulerAnglesHint: {x: 0, y: 0, z: 0}
--- !u!1 &6125586248806656436
GameObject:
  m_ObjectHideFlags: 0
  m_CorrespondingSourceObject: {fileID: 0}
  m_PrefabInstance: {fileID: 0}
  m_PrefabAsset: {fileID: 0}
  serializedVersion: 6
  m_Component:
  - component: {fileID: 8421029015335570559}
  m_Layer: 0
  m_Name: RArm
  m_TagString: Untagged
  m_Icon: {fileID: 0}
  m_NavMeshLayer: 0
  m_StaticEditorFlags: 0
  m_IsActive: 1
--- !u!4 &8421029015335570559
Transform:
  m_ObjectHideFlags: 0
  m_CorrespondingSourceObject: {fileID: 0}
  m_PrefabInstance: {fileID: 0}
  m_PrefabAsset: {fileID: 0}
  m_GameObject: {fileID: 6125586248806656436}
  m_LocalRotation: {x: -0.007986135, y: -0.15292822, z: -0.20394604, w: 0.9669308}
  m_LocalPosition: {x: -0.047330678, y: 0, z: 0}
  m_LocalScale: {x: 1, y: 1, z: 1}
  m_Children:
  - {fileID: 728299777508189057}
  m_Father: {fileID: 8327948615576858896}
  m_RootOrder: 0
  m_LocalEulerAnglesHint: {x: 0, y: 0, z: 0}
--- !u!1 &6253053418935198596
GameObject:
  m_ObjectHideFlags: 0
  m_CorrespondingSourceObject: {fileID: 0}
  m_PrefabInstance: {fileID: 0}
  m_PrefabAsset: {fileID: 0}
  serializedVersion: 6
  m_Component:
  - component: {fileID: 1709868045048474175}
  - component: {fileID: 1277821187807451817}
  m_Layer: 0
  m_Name: BodyA01_OptMesh_5_0_node
  m_TagString: Untagged
  m_Icon: {fileID: 0}
  m_NavMeshLayer: 0
  m_StaticEditorFlags: 0
  m_IsActive: 1
--- !u!4 &1709868045048474175
Transform:
  m_ObjectHideFlags: 0
  m_CorrespondingSourceObject: {fileID: 0}
  m_PrefabInstance: {fileID: 0}
  m_PrefabAsset: {fileID: 0}
  m_GameObject: {fileID: 6253053418935198596}
  m_LocalRotation: {x: 0, y: -0, z: -0, w: 1}
  m_LocalPosition: {x: -0, y: 0, z: 0}
  m_LocalScale: {x: 1, y: 1, z: 1}
  m_Children: []
  m_Father: {fileID: 8148967716230419086}
  m_RootOrder: 3
  m_LocalEulerAnglesHint: {x: 0, y: 0, z: 0}
--- !u!137 &1277821187807451817
SkinnedMeshRenderer:
  m_ObjectHideFlags: 0
  m_CorrespondingSourceObject: {fileID: 0}
  m_PrefabInstance: {fileID: 0}
  m_PrefabAsset: {fileID: 0}
  m_GameObject: {fileID: 6253053418935198596}
  m_Enabled: 1
  m_CastShadows: 1
  m_ReceiveShadows: 1
  m_DynamicOccludee: 1
  m_MotionVectors: 1
  m_LightProbeUsage: 1
  m_ReflectionProbeUsage: 1
  m_RayTracingMode: 0
  m_RenderingLayerMask: 1
  m_RendererPriority: 0
  m_Materials:
  - {fileID: 2100000, guid: 0739ef3db5bf8654b9fcb9dc72320905, type: 2}
  m_StaticBatchInfo:
    firstSubMesh: 0
    subMeshCount: 0
  m_StaticBatchRoot: {fileID: 0}
  m_ProbeAnchor: {fileID: 0}
  m_LightProbeVolumeOverride: {fileID: 0}
  m_ScaleInLightmap: 1
  m_ReceiveGI: 1
  m_PreserveUVs: 0
  m_IgnoreNormalsForChartDetection: 0
  m_ImportantGI: 0
  m_StitchLightmapSeams: 1
  m_SelectedEditorRenderState: 3
  m_MinimumChartSize: 4
  m_AutoUVMaxDistance: 0.5
  m_AutoUVMaxAngle: 89
  m_LightmapParameters: {fileID: 0}
  m_SortingLayerID: 0
  m_SortingLayer: 0
  m_SortingOrder: 0
  serializedVersion: 2
  m_Quality: 0
  m_UpdateWhenOffscreen: 1
  m_SkinnedMotionVectors: 1
  m_Mesh: {fileID: -6874276371183442249, guid: 9443f0334e3ae79418ef4de0dc8993fb, type: 3}
  m_Bones:
  - {fileID: 662395904965107232}
  - {fileID: 7585611097985531212}
  - {fileID: 5065267628430552522}
  - {fileID: 2290416906187752586}
  - {fileID: 5582059708027175434}
  - {fileID: 6751640866762171766}
  - {fileID: 3436641336467063427}
  - {fileID: 7180945467990105654}
  - {fileID: 4584691693269815521}
  - {fileID: 6287451193462295640}
  - {fileID: 8967272026945076754}
  - {fileID: 3816760079781240344}
  - {fileID: 5486293494876838401}
  - {fileID: 4799891333690180220}
  - {fileID: 588543320397859283}
  - {fileID: 6546995723064452021}
  - {fileID: 7629480988491154827}
  - {fileID: 2743441335776039112}
  - {fileID: 8327948615576858896}
  - {fileID: 8421029015335570559}
  - {fileID: 728299777508189057}
  - {fileID: 467165708178541785}
  - {fileID: 4673751991838229354}
  - {fileID: 7767552856550652843}
  - {fileID: 6131661559127782375}
  - {fileID: 4041034675300306523}
  - {fileID: 3703777418106706065}
  - {fileID: 4621920279594032388}
  - {fileID: 2732600273555328937}
  - {fileID: 2088139660246073348}
  - {fileID: 3588595608804026860}
  - {fileID: 6747138558531576212}
  - {fileID: 8146509730053204443}
  - {fileID: 4610309506809078084}
  - {fileID: 8397889270449158168}
  - {fileID: 938807127927543515}
  - {fileID: 2008056676737031750}
  - {fileID: 5798009811217329746}
  - {fileID: 6337653323816193676}
  - {fileID: 7469662809744697320}
  - {fileID: 3481412098994318366}
  - {fileID: 4724850755075793866}
  - {fileID: 5477031613277909491}
  - {fileID: 1451150904330835212}
  - {fileID: 3240821642082719321}
  m_BlendShapeWeights: []
  m_RootBone: {fileID: 662395904965107232}
  m_AABB:
    m_Center: {x: 0, y: 0.41212147, z: 0.30498493}
    m_Extent: {x: 0.30123407, y: 0.26187807, z: 0.26055682}
  m_DirtyAABB: 0
--- !u!1 &6262724320161672690
GameObject:
  m_ObjectHideFlags: 0
  m_CorrespondingSourceObject: {fileID: 0}
  m_PrefabInstance: {fileID: 0}
  m_PrefabAsset: {fileID: 0}
  serializedVersion: 6
  m_Component:
  - component: {fileID: 2290416906187752586}
  m_Layer: 0
  m_Name: Spine1
  m_TagString: Untagged
  m_Icon: {fileID: 0}
  m_NavMeshLayer: 0
  m_StaticEditorFlags: 0
  m_IsActive: 1
--- !u!4 &2290416906187752586
Transform:
  m_ObjectHideFlags: 0
  m_CorrespondingSourceObject: {fileID: 0}
  m_PrefabInstance: {fileID: 0}
  m_PrefabAsset: {fileID: 0}
  m_GameObject: {fileID: 6262724320161672690}
  m_LocalRotation: {x: 0, y: -0, z: -0, w: 1}
  m_LocalPosition: {x: -0, y: 0, z: 0}
  m_LocalScale: {x: 1, y: 1, z: 1}
  m_Children:
  - {fileID: 5582059708027175434}
  m_Father: {fileID: 5065267628430552522}
  m_RootOrder: 1
  m_LocalEulerAnglesHint: {x: 0, y: 0, z: 0}
--- !u!1 &6298088303929103940
GameObject:
  m_ObjectHideFlags: 0
  m_CorrespondingSourceObject: {fileID: 0}
  m_PrefabInstance: {fileID: 0}
  m_PrefabAsset: {fileID: 0}
  serializedVersion: 6
  m_Component:
  - component: {fileID: 4799891333690180220}
  m_Layer: 0
  m_Name: LArm
  m_TagString: Untagged
  m_Icon: {fileID: 0}
  m_NavMeshLayer: 0
  m_StaticEditorFlags: 0
  m_IsActive: 1
--- !u!4 &4799891333690180220
Transform:
  m_ObjectHideFlags: 0
  m_CorrespondingSourceObject: {fileID: 0}
  m_PrefabInstance: {fileID: 0}
  m_PrefabAsset: {fileID: 0}
  m_GameObject: {fileID: 6298088303929103940}
  m_LocalRotation: {x: 0.007986163, y: -0.15292816, z: 0.20394325, w: 0.96693146}
  m_LocalPosition: {x: -0.04733137, y: 0, z: 0}
  m_LocalScale: {x: 1, y: 1, z: 1}
  m_Children:
  - {fileID: 588543320397859283}
  m_Father: {fileID: 5486293494876838401}
  m_RootOrder: 0
  m_LocalEulerAnglesHint: {x: 0, y: 0, z: 0}
--- !u!1 &6463993999323806818
GameObject:
  m_ObjectHideFlags: 0
  m_CorrespondingSourceObject: {fileID: 0}
  m_PrefabInstance: {fileID: 0}
  m_PrefabAsset: {fileID: 0}
  serializedVersion: 6
  m_Component:
  - component: {fileID: 7629480988491154827}
  m_Layer: 0
  m_Name: LFinger
  m_TagString: Untagged
  m_Icon: {fileID: 0}
  m_NavMeshLayer: 0
  m_StaticEditorFlags: 0
  m_IsActive: 1
--- !u!4 &7629480988491154827
Transform:
  m_ObjectHideFlags: 0
  m_CorrespondingSourceObject: {fileID: 0}
  m_PrefabInstance: {fileID: 0}
  m_PrefabAsset: {fileID: 0}
  m_GameObject: {fileID: 6463993999323806818}
  m_LocalRotation: {x: 0, y: -0.08517268, z: -0, w: 0.9963662}
  m_LocalPosition: {x: -0.03837775, y: 0, z: -0.02591408}
  m_LocalScale: {x: 1, y: 1, z: 1}
  m_Children:
  - {fileID: 2743441335776039112}
  m_Father: {fileID: 6546995723064452021}
  m_RootOrder: 0
  m_LocalEulerAnglesHint: {x: 0, y: 0, z: 0}
--- !u!1 &6498381271704551133
GameObject:
  m_ObjectHideFlags: 0
  m_CorrespondingSourceObject: {fileID: 0}
  m_PrefabInstance: {fileID: 0}
  m_PrefabAsset: {fileID: 0}
  serializedVersion: 6
  m_Component:
  - component: {fileID: 3646175858410480974}
  - component: {fileID: 5778151233763420131}
  m_Layer: 0
  m_Name: LIris_OptMesh_3_0_node
  m_TagString: Untagged
  m_Icon: {fileID: 0}
  m_NavMeshLayer: 0
  m_StaticEditorFlags: 0
  m_IsActive: 1
--- !u!4 &3646175858410480974
Transform:
  m_ObjectHideFlags: 0
  m_CorrespondingSourceObject: {fileID: 0}
  m_PrefabInstance: {fileID: 0}
  m_PrefabAsset: {fileID: 0}
  m_GameObject: {fileID: 6498381271704551133}
  m_LocalRotation: {x: 0, y: -0, z: -0, w: 1}
  m_LocalPosition: {x: -0, y: 0, z: 0}
  m_LocalScale: {x: 1, y: 1, z: 1}
  m_Children: []
  m_Father: {fileID: 8148967716230419086}
  m_RootOrder: 6
  m_LocalEulerAnglesHint: {x: 0, y: 0, z: 0}
--- !u!137 &5778151233763420131
SkinnedMeshRenderer:
  m_ObjectHideFlags: 0
  m_CorrespondingSourceObject: {fileID: 0}
  m_PrefabInstance: {fileID: 0}
  m_PrefabAsset: {fileID: 0}
  m_GameObject: {fileID: 6498381271704551133}
  m_Enabled: 1
  m_CastShadows: 1
  m_ReceiveShadows: 1
  m_DynamicOccludee: 1
  m_MotionVectors: 1
  m_LightProbeUsage: 1
  m_ReflectionProbeUsage: 1
  m_RayTracingMode: 0
  m_RenderingLayerMask: 1
  m_RendererPriority: 0
  m_Materials:
  - {fileID: 2100000, guid: fe084f9d831786c4a8c5c51b6a8cebc0, type: 2}
  m_StaticBatchInfo:
    firstSubMesh: 0
    subMeshCount: 0
  m_StaticBatchRoot: {fileID: 0}
  m_ProbeAnchor: {fileID: 0}
  m_LightProbeVolumeOverride: {fileID: 0}
  m_ScaleInLightmap: 1
  m_ReceiveGI: 1
  m_PreserveUVs: 0
  m_IgnoreNormalsForChartDetection: 0
  m_ImportantGI: 0
  m_StitchLightmapSeams: 1
  m_SelectedEditorRenderState: 3
  m_MinimumChartSize: 4
  m_AutoUVMaxDistance: 0.5
  m_AutoUVMaxAngle: 89
  m_LightmapParameters: {fileID: 0}
  m_SortingLayerID: 0
  m_SortingLayer: 0
  m_SortingOrder: 0
  serializedVersion: 2
  m_Quality: 0
  m_UpdateWhenOffscreen: 1
  m_SkinnedMotionVectors: 1
  m_Mesh: {fileID: 6383350398302677189, guid: 9443f0334e3ae79418ef4de0dc8993fb, type: 3}
  m_Bones:
  - {fileID: 662395904965107232}
  - {fileID: 7585611097985531212}
  - {fileID: 5065267628430552522}
  - {fileID: 2290416906187752586}
  - {fileID: 5582059708027175434}
  - {fileID: 6751640866762171766}
  - {fileID: 3436641336467063427}
  - {fileID: 7180945467990105654}
  - {fileID: 4584691693269815521}
  - {fileID: 6287451193462295640}
  - {fileID: 8967272026945076754}
  - {fileID: 3816760079781240344}
  - {fileID: 5486293494876838401}
  - {fileID: 4799891333690180220}
  - {fileID: 588543320397859283}
  - {fileID: 6546995723064452021}
  - {fileID: 7629480988491154827}
  - {fileID: 2743441335776039112}
  - {fileID: 8327948615576858896}
  - {fileID: 8421029015335570559}
  - {fileID: 728299777508189057}
  - {fileID: 467165708178541785}
  - {fileID: 4673751991838229354}
  - {fileID: 7767552856550652843}
  - {fileID: 6131661559127782375}
  - {fileID: 4041034675300306523}
  - {fileID: 3703777418106706065}
  - {fileID: 4621920279594032388}
  - {fileID: 2732600273555328937}
  - {fileID: 2088139660246073348}
  - {fileID: 3588595608804026860}
  - {fileID: 6747138558531576212}
  - {fileID: 8146509730053204443}
  - {fileID: 4610309506809078084}
  - {fileID: 8397889270449158168}
  - {fileID: 938807127927543515}
  - {fileID: 2008056676737031750}
  - {fileID: 5798009811217329746}
  - {fileID: 6337653323816193676}
  - {fileID: 7469662809744697320}
  - {fileID: 3481412098994318366}
  - {fileID: 4724850755075793866}
  - {fileID: 5477031613277909491}
  - {fileID: 1451150904330835212}
  - {fileID: 3240821642082719321}
  m_BlendShapeWeights: []
  m_RootBone: {fileID: 662395904965107232}
  m_AABB:
    m_Center: {x: -0.08103633, y: 0.35869882, z: 0.37094277}
    m_Extent: {x: 0.066624105, y: 0.08841303, z: 0.08943462}
  m_DirtyAABB: 0
--- !u!1 &6629066246849021495
GameObject:
  m_ObjectHideFlags: 0
  m_CorrespondingSourceObject: {fileID: 0}
  m_PrefabInstance: {fileID: 0}
  m_PrefabAsset: {fileID: 0}
  serializedVersion: 6
  m_Component:
  - component: {fileID: 8397889270449158168}
  m_Layer: 0
  m_Name: LFeelerB
  m_TagString: Untagged
  m_Icon: {fileID: 0}
  m_NavMeshLayer: 0
  m_StaticEditorFlags: 0
  m_IsActive: 1
--- !u!4 &8397889270449158168
Transform:
  m_ObjectHideFlags: 0
  m_CorrespondingSourceObject: {fileID: 0}
  m_PrefabInstance: {fileID: 0}
  m_PrefabAsset: {fileID: 0}
  m_GameObject: {fileID: 6629066246849021495}
  m_LocalRotation: {x: 0, y: 0.112621054, z: -0, w: 0.99363804}
  m_LocalPosition: {x: -0.028034959, y: 0, z: 0}
  m_LocalScale: {x: 1, y: 1, z: 1}
  m_Children: []
  m_Father: {fileID: 4610309506809078084}
  m_RootOrder: 0
  m_LocalEulerAnglesHint: {x: 0, y: 0, z: 0}
--- !u!1 &6661274007340071446
GameObject:
  m_ObjectHideFlags: 0
  m_CorrespondingSourceObject: {fileID: 0}
  m_PrefabInstance: {fileID: 0}
  m_PrefabAsset: {fileID: 0}
  serializedVersion: 6
  m_Component:
  - component: {fileID: 588543320397859283}
  m_Layer: 0
  m_Name: LForeArm
  m_TagString: Untagged
  m_Icon: {fileID: 0}
  m_NavMeshLayer: 0
  m_StaticEditorFlags: 0
  m_IsActive: 1
--- !u!4 &588543320397859283
Transform:
  m_ObjectHideFlags: 0
  m_CorrespondingSourceObject: {fileID: 0}
  m_PrefabInstance: {fileID: 0}
  m_PrefabAsset: {fileID: 0}
  m_GameObject: {fileID: 6661274007340071446}
  m_LocalRotation: {x: 0, y: 0.12052773, z: -0, w: 0.99271}
  m_LocalPosition: {x: -0.09531608, y: 0, z: 0}
  m_LocalScale: {x: 1, y: 1, z: 1}
  m_Children:
  - {fileID: 6546995723064452021}
  m_Father: {fileID: 4799891333690180220}
  m_RootOrder: 0
  m_LocalEulerAnglesHint: {x: 0, y: 0, z: 0}
--- !u!1 &6873017529359278193
GameObject:
  m_ObjectHideFlags: 0
  m_CorrespondingSourceObject: {fileID: 0}
  m_PrefabInstance: {fileID: 0}
  m_PrefabAsset: {fileID: 0}
  serializedVersion: 6
  m_Component:
  - component: {fileID: 2360625612363994430}
  - component: {fileID: 1296299782935262766}
  m_Layer: 0
  m_Name: BodyA00_OptMesh_7_0_node
  m_TagString: Untagged
  m_Icon: {fileID: 0}
  m_NavMeshLayer: 0
  m_StaticEditorFlags: 0
  m_IsActive: 1
--- !u!4 &2360625612363994430
Transform:
  m_ObjectHideFlags: 0
  m_CorrespondingSourceObject: {fileID: 0}
  m_PrefabInstance: {fileID: 0}
  m_PrefabAsset: {fileID: 0}
  m_GameObject: {fileID: 6873017529359278193}
  m_LocalRotation: {x: 0, y: -0, z: -0, w: 1}
  m_LocalPosition: {x: -0, y: 0, z: 0}
  m_LocalScale: {x: 1, y: 1, z: 1}
  m_Children: []
  m_Father: {fileID: 8148967716230419086}
  m_RootOrder: 1
  m_LocalEulerAnglesHint: {x: 0, y: 0, z: 0}
--- !u!137 &1296299782935262766
SkinnedMeshRenderer:
  m_ObjectHideFlags: 0
  m_CorrespondingSourceObject: {fileID: 0}
  m_PrefabInstance: {fileID: 0}
  m_PrefabAsset: {fileID: 0}
  m_GameObject: {fileID: 6873017529359278193}
  m_Enabled: 1
  m_CastShadows: 1
  m_ReceiveShadows: 1
  m_DynamicOccludee: 1
  m_MotionVectors: 1
  m_LightProbeUsage: 1
  m_ReflectionProbeUsage: 1
  m_RayTracingMode: 0
  m_RenderingLayerMask: 1
  m_RendererPriority: 0
  m_Materials:
  - {fileID: 2100000, guid: 0739ef3db5bf8654b9fcb9dc72320905, type: 2}
  m_StaticBatchInfo:
    firstSubMesh: 0
    subMeshCount: 0
  m_StaticBatchRoot: {fileID: 0}
  m_ProbeAnchor: {fileID: 0}
  m_LightProbeVolumeOverride: {fileID: 0}
  m_ScaleInLightmap: 1
  m_ReceiveGI: 1
  m_PreserveUVs: 0
  m_IgnoreNormalsForChartDetection: 0
  m_ImportantGI: 0
  m_StitchLightmapSeams: 1
  m_SelectedEditorRenderState: 3
  m_MinimumChartSize: 4
  m_AutoUVMaxDistance: 0.5
  m_AutoUVMaxAngle: 89
  m_LightmapParameters: {fileID: 0}
  m_SortingLayerID: 0
  m_SortingLayer: 0
  m_SortingOrder: 0
  serializedVersion: 2
  m_Quality: 0
  m_UpdateWhenOffscreen: 1
  m_SkinnedMotionVectors: 1
  m_Mesh: {fileID: 6925884881362310326, guid: 9443f0334e3ae79418ef4de0dc8993fb, type: 3}
  m_Bones:
  - {fileID: 662395904965107232}
  - {fileID: 7585611097985531212}
  - {fileID: 5065267628430552522}
  - {fileID: 2290416906187752586}
  - {fileID: 5582059708027175434}
  - {fileID: 6751640866762171766}
  - {fileID: 3436641336467063427}
  - {fileID: 7180945467990105654}
  - {fileID: 4584691693269815521}
  - {fileID: 6287451193462295640}
  - {fileID: 8967272026945076754}
  - {fileID: 3816760079781240344}
  - {fileID: 5486293494876838401}
  - {fileID: 4799891333690180220}
  - {fileID: 588543320397859283}
  - {fileID: 6546995723064452021}
  - {fileID: 7629480988491154827}
  - {fileID: 2743441335776039112}
  - {fileID: 8327948615576858896}
  - {fileID: 8421029015335570559}
  - {fileID: 728299777508189057}
  - {fileID: 467165708178541785}
  - {fileID: 4673751991838229354}
  - {fileID: 7767552856550652843}
  - {fileID: 6131661559127782375}
  - {fileID: 4041034675300306523}
  - {fileID: 3703777418106706065}
  - {fileID: 4621920279594032388}
  - {fileID: 2732600273555328937}
  - {fileID: 2088139660246073348}
  - {fileID: 3588595608804026860}
  - {fileID: 6747138558531576212}
  - {fileID: 8146509730053204443}
  - {fileID: 4610309506809078084}
  - {fileID: 8397889270449158168}
  - {fileID: 938807127927543515}
  - {fileID: 2008056676737031750}
  - {fileID: 5798009811217329746}
  - {fileID: 6337653323816193676}
  - {fileID: 7469662809744697320}
  - {fileID: 3481412098994318366}
  - {fileID: 4724850755075793866}
  - {fileID: 5477031613277909491}
  - {fileID: 1451150904330835212}
  - {fileID: 3240821642082719321}
  m_BlendShapeWeights: []
  m_RootBone: {fileID: 662395904965107232}
  m_AABB:
    m_Center: {x: 0.02898489, y: 0.16502948, z: -0.042663462}
    m_Extent: {x: 0.14717306, y: 0.17818724, z: 0.23329222}
  m_DirtyAABB: 0
--- !u!1 &6981154428920953088
GameObject:
  m_ObjectHideFlags: 0
  m_CorrespondingSourceObject: {fileID: 0}
  m_PrefabInstance: {fileID: 0}
  m_PrefabAsset: {fileID: 0}
  serializedVersion: 6
  m_Component:
  - component: {fileID: 662395904965107232}
  m_Layer: 0
  m_Name: pm0704_00
  m_TagString: Untagged
  m_Icon: {fileID: 0}
  m_NavMeshLayer: 0
  m_StaticEditorFlags: 0
  m_IsActive: 1
--- !u!4 &662395904965107232
Transform:
  m_ObjectHideFlags: 0
  m_CorrespondingSourceObject: {fileID: 0}
  m_PrefabInstance: {fileID: 0}
  m_PrefabAsset: {fileID: 0}
  m_GameObject: {fileID: 6981154428920953088}
  m_LocalRotation: {x: 0, y: -0, z: -0, w: 1}
  m_LocalPosition: {x: -0, y: 0, z: 0}
  m_LocalScale: {x: 1, y: 1, z: 1}
  m_Children:
  - {fileID: 7585611097985531212}
  - {fileID: 5477031613277909491}
  - {fileID: 3240821642082719321}
  - {fileID: 1451150904330835212}
  m_Father: {fileID: 8148967716230419086}
  m_RootOrder: 8
  m_LocalEulerAnglesHint: {x: 0, y: 0, z: 0}
--- !u!1 &7019180687580378096
GameObject:
  m_ObjectHideFlags: 0
  m_CorrespondingSourceObject: {fileID: 0}
  m_PrefabInstance: {fileID: 0}
  m_PrefabAsset: {fileID: 0}
  serializedVersion: 6
  m_Component:
  - component: {fileID: 4041034675300306523}
  m_Layer: 0
  m_Name: Tail1
  m_TagString: Untagged
  m_Icon: {fileID: 0}
  m_NavMeshLayer: 0
  m_StaticEditorFlags: 0
  m_IsActive: 1
--- !u!4 &4041034675300306523
Transform:
  m_ObjectHideFlags: 0
  m_CorrespondingSourceObject: {fileID: 0}
  m_PrefabInstance: {fileID: 0}
  m_PrefabAsset: {fileID: 0}
  m_GameObject: {fileID: 7019180687580378096}
  m_LocalRotation: {x: 0.99998134, y: 3.7403546e-19, z: 0.0061084623, w: -6.12312e-17}
  m_LocalPosition: {x: -0.1403226, y: 0, z: -0.02951406}
  m_LocalScale: {x: 1, y: 1, z: 1}
  m_Children:
  - {fileID: 3703777418106706065}
  m_Father: {fileID: 6131661559127782375}
  m_RootOrder: 2
  m_LocalEulerAnglesHint: {x: 0, y: 0, z: 0}
--- !u!1 &7039457832161630327
GameObject:
  m_ObjectHideFlags: 0
  m_CorrespondingSourceObject: {fileID: 0}
  m_PrefabInstance: {fileID: 0}
  m_PrefabAsset: {fileID: 0}
  serializedVersion: 6
  m_Component:
  - component: {fileID: 8312531880114202423}
  - component: {fileID: 7125827222465018961}
  m_Layer: 0
  m_Name: BodyA00_OptMesh_8_0_node
  m_TagString: Untagged
  m_Icon: {fileID: 0}
  m_NavMeshLayer: 0
  m_StaticEditorFlags: 0
  m_IsActive: 1
--- !u!4 &8312531880114202423
Transform:
  m_ObjectHideFlags: 0
  m_CorrespondingSourceObject: {fileID: 0}
  m_PrefabInstance: {fileID: 0}
  m_PrefabAsset: {fileID: 0}
  m_GameObject: {fileID: 7039457832161630327}
  m_LocalRotation: {x: 0, y: -0, z: -0, w: 1}
  m_LocalPosition: {x: -0, y: 0, z: 0}
  m_LocalScale: {x: 1, y: 1, z: 1}
  m_Children: []
  m_Father: {fileID: 8148967716230419086}
  m_RootOrder: 2
  m_LocalEulerAnglesHint: {x: 0, y: 0, z: 0}
--- !u!137 &7125827222465018961
SkinnedMeshRenderer:
  m_ObjectHideFlags: 0
  m_CorrespondingSourceObject: {fileID: 0}
  m_PrefabInstance: {fileID: 0}
  m_PrefabAsset: {fileID: 0}
  m_GameObject: {fileID: 7039457832161630327}
  m_Enabled: 1
  m_CastShadows: 1
  m_ReceiveShadows: 1
  m_DynamicOccludee: 1
  m_MotionVectors: 1
  m_LightProbeUsage: 1
  m_ReflectionProbeUsage: 1
  m_RayTracingMode: 0
  m_RenderingLayerMask: 1
  m_RendererPriority: 0
  m_Materials:
  - {fileID: 2100000, guid: 0739ef3db5bf8654b9fcb9dc72320905, type: 2}
  m_StaticBatchInfo:
    firstSubMesh: 0
    subMeshCount: 0
  m_StaticBatchRoot: {fileID: 0}
  m_ProbeAnchor: {fileID: 0}
  m_LightProbeVolumeOverride: {fileID: 0}
  m_ScaleInLightmap: 1
  m_ReceiveGI: 1
  m_PreserveUVs: 0
  m_IgnoreNormalsForChartDetection: 0
  m_ImportantGI: 0
  m_StitchLightmapSeams: 1
  m_SelectedEditorRenderState: 3
  m_MinimumChartSize: 4
  m_AutoUVMaxDistance: 0.5
  m_AutoUVMaxAngle: 89
  m_LightmapParameters: {fileID: 0}
  m_SortingLayerID: 0
  m_SortingLayer: 0
  m_SortingOrder: 0
  serializedVersion: 2
  m_Quality: 0
  m_UpdateWhenOffscreen: 1
  m_SkinnedMotionVectors: 1
  m_Mesh: {fileID: 7172501077365506901, guid: 9443f0334e3ae79418ef4de0dc8993fb, type: 3}
  m_Bones:
  - {fileID: 662395904965107232}
  - {fileID: 7585611097985531212}
  - {fileID: 5065267628430552522}
  - {fileID: 2290416906187752586}
  - {fileID: 5582059708027175434}
  - {fileID: 6751640866762171766}
  - {fileID: 3436641336467063427}
  - {fileID: 7180945467990105654}
  - {fileID: 4584691693269815521}
  - {fileID: 6287451193462295640}
  - {fileID: 8967272026945076754}
  - {fileID: 3816760079781240344}
  - {fileID: 5486293494876838401}
  - {fileID: 4799891333690180220}
  - {fileID: 588543320397859283}
  - {fileID: 6546995723064452021}
  - {fileID: 7629480988491154827}
  - {fileID: 2743441335776039112}
  - {fileID: 8327948615576858896}
  - {fileID: 8421029015335570559}
  - {fileID: 728299777508189057}
  - {fileID: 467165708178541785}
  - {fileID: 4673751991838229354}
  - {fileID: 7767552856550652843}
  - {fileID: 6131661559127782375}
  - {fileID: 4041034675300306523}
  - {fileID: 3703777418106706065}
  - {fileID: 4621920279594032388}
  - {fileID: 2732600273555328937}
  - {fileID: 2088139660246073348}
  - {fileID: 3588595608804026860}
  - {fileID: 6747138558531576212}
  - {fileID: 8146509730053204443}
  - {fileID: 4610309506809078084}
  - {fileID: 8397889270449158168}
  - {fileID: 938807127927543515}
  - {fileID: 2008056676737031750}
  - {fileID: 5798009811217329746}
  - {fileID: 6337653323816193676}
  - {fileID: 7469662809744697320}
  - {fileID: 3481412098994318366}
  - {fileID: 4724850755075793866}
  - {fileID: 5477031613277909491}
  - {fileID: 1451150904330835212}
  - {fileID: 3240821642082719321}
  m_BlendShapeWeights: []
  m_RootBone: {fileID: 662395904965107232}
  m_AABB:
    m_Center: {x: 0.000000011175871, y: 0.024658421, z: 0.049524896}
    m_Extent: {x: 0.12214023, y: 0.025363868, z: 0.17045668}
  m_DirtyAABB: 0
--- !u!1 &7126805895988348916
GameObject:
  m_ObjectHideFlags: 0
  m_CorrespondingSourceObject: {fileID: 0}
  m_PrefabInstance: {fileID: 0}
  m_PrefabAsset: {fileID: 0}
  serializedVersion: 6
  m_Component:
  - component: {fileID: 1451150904330835212}
  m_Layer: 0
  m_Name: pm0704_00_NailSkin
  m_TagString: Untagged
  m_Icon: {fileID: 0}
  m_NavMeshLayer: 0
  m_StaticEditorFlags: 0
  m_IsActive: 1
--- !u!4 &1451150904330835212
Transform:
  m_ObjectHideFlags: 0
  m_CorrespondingSourceObject: {fileID: 0}
  m_PrefabInstance: {fileID: 0}
  m_PrefabAsset: {fileID: 0}
  m_GameObject: {fileID: 7126805895988348916}
  m_LocalRotation: {x: 0, y: -0, z: -0, w: 1}
  m_LocalPosition: {x: -0, y: 0, z: 0}
  m_LocalScale: {x: 1, y: 1, z: 1}
  m_Children: []
  m_Father: {fileID: 662395904965107232}
  m_RootOrder: 3
  m_LocalEulerAnglesHint: {x: 0, y: 0, z: 0}
--- !u!1 &7152682626280542867
GameObject:
  m_ObjectHideFlags: 0
  m_CorrespondingSourceObject: {fileID: 0}
  m_PrefabInstance: {fileID: 0}
  m_PrefabAsset: {fileID: 0}
  serializedVersion: 6
  m_Component:
  - component: {fileID: 5486293494876838401}
  m_Layer: 0
  m_Name: LShoulder
  m_TagString: Untagged
  m_Icon: {fileID: 0}
  m_NavMeshLayer: 0
  m_StaticEditorFlags: 0
  m_IsActive: 1
--- !u!4 &5486293494876838401
Transform:
  m_ObjectHideFlags: 0
  m_CorrespondingSourceObject: {fileID: 0}
  m_PrefabInstance: {fileID: 0}
  m_PrefabAsset: {fileID: 0}
  m_GameObject: {fileID: 7152682626280542867}
  m_LocalRotation: {x: 0.7337834, y: 0.13605897, z: -0.648001, w: -0.15213335}
  m_LocalPosition: {x: -0.08003669, y: -0.0528094, z: -0.0064303097}
  m_LocalScale: {x: 1, y: 1, z: 1}
  m_Children:
  - {fileID: 4799891333690180220}
  m_Father: {fileID: 5582059708027175434}
  m_RootOrder: 0
  m_LocalEulerAnglesHint: {x: 0, y: 0, z: 0}
--- !u!1 &7177656643061580014
GameObject:
  m_ObjectHideFlags: 0
  m_CorrespondingSourceObject: {fileID: 0}
  m_PrefabInstance: {fileID: 0}
  m_PrefabAsset: {fileID: 0}
  serializedVersion: 6
  m_Component:
  - component: {fileID: 7873295079682908538}
  - component: {fileID: 1589721091436535607}
  m_Layer: 0
  m_Name: BodyInc_OptMesh_2_0_node
  m_TagString: Untagged
  m_Icon: {fileID: 0}
  m_NavMeshLayer: 0
  m_StaticEditorFlags: 0
  m_IsActive: 1
--- !u!4 &7873295079682908538
Transform:
  m_ObjectHideFlags: 0
  m_CorrespondingSourceObject: {fileID: 0}
  m_PrefabInstance: {fileID: 0}
  m_PrefabAsset: {fileID: 0}
  m_GameObject: {fileID: 7177656643061580014}
  m_LocalRotation: {x: 0, y: -0, z: -0, w: 1}
  m_LocalPosition: {x: -0, y: 0, z: 0}
  m_LocalScale: {x: 1, y: 1, z: 1}
  m_Children: []
  m_Father: {fileID: 8148967716230419086}
  m_RootOrder: 4
  m_LocalEulerAnglesHint: {x: 0, y: 0, z: 0}
--- !u!137 &1589721091436535607
SkinnedMeshRenderer:
  m_ObjectHideFlags: 0
  m_CorrespondingSourceObject: {fileID: 0}
  m_PrefabInstance: {fileID: 0}
  m_PrefabAsset: {fileID: 0}
  m_GameObject: {fileID: 7177656643061580014}
  m_Enabled: 1
  m_CastShadows: 1
  m_ReceiveShadows: 1
  m_DynamicOccludee: 1
  m_MotionVectors: 1
  m_LightProbeUsage: 1
  m_ReflectionProbeUsage: 1
  m_RayTracingMode: 0
  m_RenderingLayerMask: 1
  m_RendererPriority: 0
  m_Materials:
  - {fileID: 2100000, guid: ada35da37b00692478721210746c02ab, type: 2}
  m_StaticBatchInfo:
    firstSubMesh: 0
    subMeshCount: 0
  m_StaticBatchRoot: {fileID: 0}
  m_ProbeAnchor: {fileID: 0}
  m_LightProbeVolumeOverride: {fileID: 0}
  m_ScaleInLightmap: 1
  m_ReceiveGI: 1
  m_PreserveUVs: 0
  m_IgnoreNormalsForChartDetection: 0
  m_ImportantGI: 0
  m_StitchLightmapSeams: 1
  m_SelectedEditorRenderState: 3
  m_MinimumChartSize: 4
  m_AutoUVMaxDistance: 0.5
  m_AutoUVMaxAngle: 89
  m_LightmapParameters: {fileID: 0}
  m_SortingLayerID: 0
  m_SortingLayer: 0
  m_SortingOrder: 0
  serializedVersion: 2
  m_Quality: 0
  m_UpdateWhenOffscreen: 1
  m_SkinnedMotionVectors: 1
  m_Mesh: {fileID: -4432368202102954636, guid: 9443f0334e3ae79418ef4de0dc8993fb, type: 3}
  m_Bones:
  - {fileID: 662395904965107232}
  - {fileID: 7585611097985531212}
  - {fileID: 5065267628430552522}
  - {fileID: 2290416906187752586}
  - {fileID: 5582059708027175434}
  - {fileID: 6751640866762171766}
  - {fileID: 3436641336467063427}
  - {fileID: 7180945467990105654}
  - {fileID: 4584691693269815521}
  - {fileID: 6287451193462295640}
  - {fileID: 8967272026945076754}
  - {fileID: 3816760079781240344}
  - {fileID: 5486293494876838401}
  - {fileID: 4799891333690180220}
  - {fileID: 588543320397859283}
  - {fileID: 6546995723064452021}
  - {fileID: 7629480988491154827}
  - {fileID: 2743441335776039112}
  - {fileID: 8327948615576858896}
  - {fileID: 8421029015335570559}
  - {fileID: 728299777508189057}
  - {fileID: 467165708178541785}
  - {fileID: 4673751991838229354}
  - {fileID: 7767552856550652843}
  - {fileID: 6131661559127782375}
  - {fileID: 4041034675300306523}
  - {fileID: 3703777418106706065}
  - {fileID: 4621920279594032388}
  - {fileID: 2732600273555328937}
  - {fileID: 2088139660246073348}
  - {fileID: 3588595608804026860}
  - {fileID: 6747138558531576212}
  - {fileID: 8146509730053204443}
  - {fileID: 4610309506809078084}
  - {fileID: 8397889270449158168}
  - {fileID: 938807127927543515}
  - {fileID: 2008056676737031750}
  - {fileID: 5798009811217329746}
  - {fileID: 6337653323816193676}
  - {fileID: 7469662809744697320}
  - {fileID: 3481412098994318366}
  - {fileID: 4724850755075793866}
  - {fileID: 5477031613277909491}
  - {fileID: 1451150904330835212}
  - {fileID: 3240821642082719321}
  m_BlendShapeWeights: []
  m_RootBone: {fileID: 662395904965107232}
  m_AABB:
    m_Center: {x: 0, y: 0.5123178, z: 0.34019262}
    m_Extent: {x: 0.038783956, y: 0.16792217, z: 0.16116981}
  m_DirtyAABB: 0
--- !u!1 &7328135695828454331
GameObject:
  m_ObjectHideFlags: 0
  m_CorrespondingSourceObject: {fileID: 0}
  m_PrefabInstance: {fileID: 0}
  m_PrefabAsset: {fileID: 0}
  serializedVersion: 6
  m_Component:
  - component: {fileID: 467165708178541785}
  m_Layer: 0
  m_Name: RHand
  m_TagString: Untagged
  m_Icon: {fileID: 0}
  m_NavMeshLayer: 0
  m_StaticEditorFlags: 0
  m_IsActive: 1
--- !u!4 &467165708178541785
Transform:
  m_ObjectHideFlags: 0
  m_CorrespondingSourceObject: {fileID: 0}
  m_PrefabInstance: {fileID: 0}
  m_PrefabAsset: {fileID: 0}
  m_GameObject: {fileID: 7328135695828454331}
  m_LocalRotation: {x: 0, y: 0.6907867, z: -0, w: 0.7230586}
  m_LocalPosition: {x: -0.08850087, y: 0, z: 0}
  m_LocalScale: {x: 1, y: 1, z: 1}
  m_Children:
  - {fileID: 4673751991838229354}
  m_Father: {fileID: 728299777508189057}
  m_RootOrder: 0
  m_LocalEulerAnglesHint: {x: 0, y: 0, z: 0}
--- !u!1 &7431426265802099172
GameObject:
  m_ObjectHideFlags: 0
  m_CorrespondingSourceObject: {fileID: 0}
  m_PrefabInstance: {fileID: 0}
  m_PrefabAsset: {fileID: 0}
  serializedVersion: 6
  m_Component:
  - component: {fileID: 5798009811217329746}
  m_Layer: 0
  m_Name: RLeg
  m_TagString: Untagged
  m_Icon: {fileID: 0}
  m_NavMeshLayer: 0
  m_StaticEditorFlags: 0
  m_IsActive: 1
--- !u!4 &5798009811217329746
Transform:
  m_ObjectHideFlags: 0
  m_CorrespondingSourceObject: {fileID: 0}
  m_PrefabInstance: {fileID: 0}
  m_PrefabAsset: {fileID: 0}
  m_GameObject: {fileID: 7431426265802099172}
  m_LocalRotation: {x: 0, y: -0.29395065, z: -0, w: 0.9558206}
  m_LocalPosition: {x: -0.08758977, y: 0, z: 0}
  m_LocalScale: {x: 1, y: 1, z: 1}
  m_Children:
  - {fileID: 6337653323816193676}
  m_Father: {fileID: 2008056676737031750}
  m_RootOrder: 0
  m_LocalEulerAnglesHint: {x: 0, y: 0, z: 0}
--- !u!1 &7650927661379533051
GameObject:
  m_ObjectHideFlags: 0
  m_CorrespondingSourceObject: {fileID: 0}
  m_PrefabInstance: {fileID: 0}
  m_PrefabAsset: {fileID: 0}
  serializedVersion: 6
  m_Component:
  - component: {fileID: 3240821642082719321}
  m_Layer: 0
  m_Name: pm0704_00_IrisSkin
  m_TagString: Untagged
  m_Icon: {fileID: 0}
  m_NavMeshLayer: 0
  m_StaticEditorFlags: 0
  m_IsActive: 1
--- !u!4 &3240821642082719321
Transform:
  m_ObjectHideFlags: 0
  m_CorrespondingSourceObject: {fileID: 0}
  m_PrefabInstance: {fileID: 0}
  m_PrefabAsset: {fileID: 0}
  m_GameObject: {fileID: 7650927661379533051}
  m_LocalRotation: {x: 0, y: -0, z: -0, w: 1}
  m_LocalPosition: {x: -0, y: 0, z: 0}
  m_LocalScale: {x: 1, y: 1, z: 1}
  m_Children: []
  m_Father: {fileID: 662395904965107232}
  m_RootOrder: 2
  m_LocalEulerAnglesHint: {x: 0, y: 0, z: 0}
--- !u!1 &7674276251333166822
GameObject:
  m_ObjectHideFlags: 0
  m_CorrespondingSourceObject: {fileID: 0}
  m_PrefabInstance: {fileID: 0}
  m_PrefabAsset: {fileID: 0}
  serializedVersion: 6
  m_Component:
  - component: {fileID: 2008056676737031750}
  m_Layer: 0
  m_Name: RThigh
  m_TagString: Untagged
  m_Icon: {fileID: 0}
  m_NavMeshLayer: 0
  m_StaticEditorFlags: 0
  m_IsActive: 1
--- !u!4 &2008056676737031750
Transform:
  m_ObjectHideFlags: 0
  m_CorrespondingSourceObject: {fileID: 0}
  m_PrefabInstance: {fileID: 0}
  m_PrefabAsset: {fileID: 0}
  m_GameObject: {fileID: 7674276251333166822}
  m_LocalRotation: {x: -0.046441432, y: -0.0725467, z: -0.48277742, w: 0.8714965}
  m_LocalPosition: {x: -0.04646317, y: 0, z: 0}
  m_LocalScale: {x: 1, y: 1, z: 1}
  m_Children:
  - {fileID: 5798009811217329746}
  m_Father: {fileID: 938807127927543515}
  m_RootOrder: 0
  m_LocalEulerAnglesHint: {x: 0, y: 0, z: 0}
--- !u!1 &7845169610440637763
GameObject:
  m_ObjectHideFlags: 0
  m_CorrespondingSourceObject: {fileID: 0}
  m_PrefabInstance: {fileID: 0}
  m_PrefabAsset: {fileID: 0}
  serializedVersion: 6
  m_Component:
  - component: {fileID: 3588595608804026860}
  m_Layer: 0
  m_Name: LLeg
  m_TagString: Untagged
  m_Icon: {fileID: 0}
  m_NavMeshLayer: 0
  m_StaticEditorFlags: 0
  m_IsActive: 1
--- !u!4 &3588595608804026860
Transform:
  m_ObjectHideFlags: 0
  m_CorrespondingSourceObject: {fileID: 0}
  m_PrefabInstance: {fileID: 0}
  m_PrefabAsset: {fileID: 0}
  m_GameObject: {fileID: 7845169610440637763}
  m_LocalRotation: {x: 0, y: -0.2939535, z: -0, w: 0.9558197}
  m_LocalPosition: {x: -0.08758974, y: 0, z: 0}
  m_LocalScale: {x: 1, y: 1, z: 1}
  m_Children:
  - {fileID: 6747138558531576212}
  m_Father: {fileID: 2088139660246073348}
  m_RootOrder: 0
  m_LocalEulerAnglesHint: {x: 0, y: 0, z: 0}
--- !u!1 &8174825289388659269
GameObject:
  m_ObjectHideFlags: 0
  m_CorrespondingSourceObject: {fileID: 0}
  m_PrefabInstance: {fileID: 0}
  m_PrefabAsset: {fileID: 0}
  serializedVersion: 6
  m_Component:
  - component: {fileID: 4584691693269815521}
  m_Layer: 0
  m_Name: Hair2
  m_TagString: Untagged
  m_Icon: {fileID: 0}
  m_NavMeshLayer: 0
  m_StaticEditorFlags: 0
  m_IsActive: 1
--- !u!4 &4584691693269815521
Transform:
  m_ObjectHideFlags: 0
  m_CorrespondingSourceObject: {fileID: 0}
  m_PrefabInstance: {fileID: 0}
  m_PrefabAsset: {fileID: 0}
  m_GameObject: {fileID: 8174825289388659269}
  m_LocalRotation: {x: 0, y: -0, z: -0, w: 1}
  m_LocalPosition: {x: -0.03557168, y: 0, z: 0}
  m_LocalScale: {x: 1, y: 1, z: 1}
  m_Children: []
  m_Father: {fileID: 7180945467990105654}
  m_RootOrder: 0
  m_LocalEulerAnglesHint: {x: 0, y: 0, z: 0}
--- !u!1 &8420674520496019759
GameObject:
  m_ObjectHideFlags: 0
  m_CorrespondingSourceObject: {fileID: 0}
  m_PrefabInstance: {fileID: 0}
  m_PrefabAsset: {fileID: 0}
  serializedVersion: 6
  m_Component:
  - component: {fileID: 4673751991838229354}
  m_Layer: 0
  m_Name: RFinger
  m_TagString: Untagged
  m_Icon: {fileID: 0}
  m_NavMeshLayer: 0
  m_StaticEditorFlags: 0
  m_IsActive: 1
--- !u!4 &4673751991838229354
Transform:
  m_ObjectHideFlags: 0
  m_CorrespondingSourceObject: {fileID: 0}
  m_PrefabInstance: {fileID: 0}
  m_PrefabAsset: {fileID: 0}
  m_GameObject: {fileID: 8420674520496019759}
  m_LocalRotation: {x: 0, y: -0.08517119, z: -0, w: 0.9963663}
  m_LocalPosition: {x: -0.0383773, y: 0, z: -0.025914099}
  m_LocalScale: {x: 1, y: 1, z: 1}
  m_Children:
  - {fileID: 7767552856550652843}
  m_Father: {fileID: 467165708178541785}
  m_RootOrder: 0
  m_LocalEulerAnglesHint: {x: 0, y: 0, z: 0}
--- !u!1 &8680238135913572377
GameObject:
  m_ObjectHideFlags: 0
  m_CorrespondingSourceObject: {fileID: 0}
  m_PrefabInstance: {fileID: 0}
  m_PrefabAsset: {fileID: 0}
  serializedVersion: 6
  m_Component:
  - component: {fileID: 4621920279594032388}
  m_Layer: 0
  m_Name: Tail3
  m_TagString: Untagged
  m_Icon: {fileID: 0}
  m_NavMeshLayer: 0
  m_StaticEditorFlags: 0
  m_IsActive: 1
--- !u!4 &4621920279594032388
Transform:
  m_ObjectHideFlags: 0
  m_CorrespondingSourceObject: {fileID: 0}
  m_PrefabInstance: {fileID: 0}
  m_PrefabAsset: {fileID: 0}
  m_GameObject: {fileID: 8680238135913572377}
  m_LocalRotation: {x: 0, y: -0, z: -0, w: 1}
  m_LocalPosition: {x: -0.06781927, y: 0, z: 0}
  m_LocalScale: {x: 1, y: 1, z: 1}
  m_Children: []
  m_Father: {fileID: 3703777418106706065}
  m_RootOrder: 0
  m_LocalEulerAnglesHint: {x: 0, y: 0, z: 0}
--- !u!1 &8693555696797595242
GameObject:
  m_ObjectHideFlags: 0
  m_CorrespondingSourceObject: {fileID: 0}
  m_PrefabInstance: {fileID: 0}
  m_PrefabAsset: {fileID: 0}
  serializedVersion: 6
  m_Component:
  - component: {fileID: 6747138558531576212}
  m_Layer: 0
  m_Name: LFoot
  m_TagString: Untagged
  m_Icon: {fileID: 0}
  m_NavMeshLayer: 0
  m_StaticEditorFlags: 0
  m_IsActive: 1
--- !u!4 &6747138558531576212
Transform:
  m_ObjectHideFlags: 0
  m_CorrespondingSourceObject: {fileID: 0}
  m_PrefabInstance: {fileID: 0}
  m_PrefabAsset: {fileID: 0}
  m_GameObject: {fileID: 8693555696797595242}
  m_LocalRotation: {x: 8.0164105e-17, y: 0.92200786, z: -8.0164105e-17, w: 0.38717127}
  m_LocalPosition: {x: -0.07297133, y: 0, z: 0}
  m_LocalScale: {x: 1, y: 1, z: 1}
  m_Children:
  - {fileID: 8146509730053204443}
  m_Father: {fileID: 3588595608804026860}
  m_RootOrder: 0
  m_LocalEulerAnglesHint: {x: 0, y: 0, z: 0}
