%YAML 1.1
%TAG !u! tag:unity3d.com,2011:
--- !u!1 &192327796309988197
GameObject:
  m_ObjectHideFlags: 0
  m_CorrespondingSourceObject: {fileID: 0}
  m_PrefabInstance: {fileID: 0}
  m_PrefabAsset: {fileID: 0}
  serializedVersion: 6
  m_Component:
  - component: {fileID: 7741603104705878315}
  m_Layer: 0
  m_Name: RFeeler
  m_TagString: Untagged
  m_Icon: {fileID: 0}
  m_NavMeshLayer: 0
  m_StaticEditorFlags: 0
  m_IsActive: 1
--- !u!4 &7741603104705878315
Transform:
  m_ObjectHideFlags: 0
  m_CorrespondingSourceObject: {fileID: 0}
  m_PrefabInstance: {fileID: 0}
  m_PrefabAsset: {fileID: 0}
  m_GameObject: {fileID: 192327796309988197}
  m_LocalRotation: {x: -0.07247331, y: 0.07247329, z: -0.7033829, w: 0.70338315}
  m_LocalPosition: {x: -0.145474, y: 0.024507599, z: -0.2030783}
  m_LocalScale: {x: 1, y: 1, z: 1}
  m_Children: []
  m_Father: {fileID: 8385589656163631897}
  m_RootOrder: 5
  m_LocalEulerAnglesHint: {x: 0, y: 0, z: 0}
--- !u!1 &233556187538670324
GameObject:
  m_ObjectHideFlags: 0
  m_CorrespondingSourceObject: {fileID: 0}
  m_PrefabInstance: {fileID: 0}
  m_PrefabAsset: {fileID: 0}
  serializedVersion: 6
  m_Component:
  - component: {fileID: 1116969761198241721}
  m_Layer: 0
  m_Name: RFingerA
  m_TagString: Untagged
  m_Icon: {fileID: 0}
  m_NavMeshLayer: 0
  m_StaticEditorFlags: 0
  m_IsActive: 1
--- !u!4 &1116969761198241721
Transform:
  m_ObjectHideFlags: 0
  m_CorrespondingSourceObject: {fileID: 0}
  m_PrefabInstance: {fileID: 0}
  m_PrefabAsset: {fileID: 0}
  m_GameObject: {fileID: 233556187538670324}
  m_LocalRotation: {x: 0.78939444, y: 0.5412819, z: 0.00452122, w: 0.28956854}
  m_LocalPosition: {x: -0.018532779, y: -0.02121612, z: 0.00058866}
  m_LocalScale: {x: 1, y: 1, z: 1}
  m_Children: []
  m_Father: {fileID: 1098636286535156881}
  m_RootOrder: 0
  m_LocalEulerAnglesHint: {x: 0, y: 0, z: 0}
--- !u!1 &857508955159375366
GameObject:
  m_ObjectHideFlags: 0
  m_CorrespondingSourceObject: {fileID: 0}
  m_PrefabInstance: {fileID: 0}
  m_PrefabAsset: {fileID: 0}
  serializedVersion: 6
  m_Component:
  - component: {fileID: 5008503074048934950}
  m_Layer: 0
  m_Name: Origin
  m_TagString: Untagged
  m_Icon: {fileID: 0}
  m_NavMeshLayer: 0
  m_StaticEditorFlags: 0
  m_IsActive: 1
--- !u!4 &5008503074048934950
Transform:
  m_ObjectHideFlags: 0
  m_CorrespondingSourceObject: {fileID: 0}
  m_PrefabInstance: {fileID: 0}
  m_PrefabAsset: {fileID: 0}
  m_GameObject: {fileID: 857508955159375366}
  m_LocalRotation: {x: 0, y: -0, z: -0, w: 1}
  m_LocalPosition: {x: -0, y: 0, z: 0}
  m_LocalScale: {x: 1, y: 1, z: 1}
  m_Children:
  - {fileID: 1208792603682790141}
  m_Father: {fileID: 1694665463322434881}
  m_RootOrder: 0
  m_LocalEulerAnglesHint: {x: 0, y: 0, z: 0}
--- !u!1 &860713917855180564
GameObject:
  m_ObjectHideFlags: 0
  m_CorrespondingSourceObject: {fileID: 0}
  m_PrefabInstance: {fileID: 0}
  m_PrefabAsset: {fileID: 0}
  serializedVersion: 6
  m_Component:
  - component: {fileID: 7430706705770809909}
  m_Layer: 0
  m_Name: RForeArm
  m_TagString: Untagged
  m_Icon: {fileID: 0}
  m_NavMeshLayer: 0
  m_StaticEditorFlags: 0
  m_IsActive: 1
--- !u!4 &7430706705770809909
Transform:
  m_ObjectHideFlags: 0
  m_CorrespondingSourceObject: {fileID: 0}
  m_PrefabInstance: {fileID: 0}
  m_PrefabAsset: {fileID: 0}
  m_GameObject: {fileID: 860713917855180564}
  m_LocalRotation: {x: 0, y: -0, z: -0, w: 1}
  m_LocalPosition: {x: -0.06142157, y: -0.00000071, z: -0.00000016}
  m_LocalScale: {x: 1, y: 1, z: 1}
  m_Children:
  - {fileID: 1098636286535156881}
  m_Father: {fileID: 8007062408899171579}
  m_RootOrder: 0
  m_LocalEulerAnglesHint: {x: 0, y: 0, z: 0}
--- !u!1 &1045014457655940118
GameObject:
  m_ObjectHideFlags: 0
  m_CorrespondingSourceObject: {fileID: 0}
  m_PrefabInstance: {fileID: 0}
  m_PrefabAsset: {fileID: 0}
  serializedVersion: 6
  m_Component:
  - component: {fileID: 6915996648843970156}
  m_Layer: 0
  m_Name: Tail2
  m_TagString: Untagged
  m_Icon: {fileID: 0}
  m_NavMeshLayer: 0
  m_StaticEditorFlags: 0
  m_IsActive: 1
--- !u!4 &6915996648843970156
Transform:
  m_ObjectHideFlags: 0
  m_CorrespondingSourceObject: {fileID: 0}
  m_PrefabInstance: {fileID: 0}
  m_PrefabAsset: {fileID: 0}
  m_GameObject: {fileID: 1045014457655940118}
  m_LocalRotation: {x: -0.000000017283554, y: 0.034567107, z: 0.0000004997012, w: 0.9994024}
  m_LocalPosition: {x: -0.1464475, y: 0, z: 0}
  m_LocalScale: {x: 1, y: 1, z: 1}
  m_Children: []
  m_Father: {fileID: 9015619312525545227}
  m_RootOrder: 0
  m_LocalEulerAnglesHint: {x: 0, y: 0, z: 0}
--- !u!1 &1167921726871573831
GameObject:
  m_ObjectHideFlags: 0
  m_CorrespondingSourceObject: {fileID: 0}
  m_PrefabInstance: {fileID: 0}
  m_PrefabAsset: {fileID: 0}
  serializedVersion: 6
  m_Component:
  - component: {fileID: 8162023400198036811}
  m_Layer: 0
  m_Name: RShoulder
  m_TagString: Untagged
  m_Icon: {fileID: 0}
  m_NavMeshLayer: 0
  m_StaticEditorFlags: 0
  m_IsActive: 1
--- !u!4 &8162023400198036811
Transform:
  m_ObjectHideFlags: 0
  m_CorrespondingSourceObject: {fileID: 0}
  m_PrefabInstance: {fileID: 0}
  m_PrefabAsset: {fileID: 0}
  m_GameObject: {fileID: 1167921726871573831}
  m_LocalRotation: {x: 0.32443807, y: 0.29521573, z: -0.6282833, w: 0.6425323}
  m_LocalPosition: {x: -0.09028163, y: 0.13499999, z: 0.04095294}
  m_LocalScale: {x: 1, y: 1, z: 1}
  m_Children:
  - {fileID: 8007062408899171579}
  m_Father: {fileID: 8385589656163631897}
  m_RootOrder: 6
  m_LocalEulerAnglesHint: {x: 0, y: 0, z: 0}
--- !u!1 &1361651710039563444
GameObject:
  m_ObjectHideFlags: 0
  m_CorrespondingSourceObject: {fileID: 0}
  m_PrefabInstance: {fileID: 0}
  m_PrefabAsset: {fileID: 0}
  serializedVersion: 6
  m_Component:
  - component: {fileID: 2865850255615852831}
  - component: {fileID: 2292657228679142248}
  m_Layer: 0
  m_Name: Mouth_OptMesh_3_0_node
  m_TagString: Untagged
  m_Icon: {fileID: 0}
  m_NavMeshLayer: 0
  m_StaticEditorFlags: 0
  m_IsActive: 1
--- !u!4 &2865850255615852831
Transform:
  m_ObjectHideFlags: 0
  m_CorrespondingSourceObject: {fileID: 0}
  m_PrefabInstance: {fileID: 0}
  m_PrefabAsset: {fileID: 0}
  m_GameObject: {fileID: 1361651710039563444}
  m_LocalRotation: {x: 0, y: -0, z: -0, w: 1}
  m_LocalPosition: {x: -0, y: 0, z: 0}
  m_LocalScale: {x: 1, y: 1, z: 1}
  m_Children: []
  m_Father: {fileID: 3046311846837180159}
  m_RootOrder: 3
  m_LocalEulerAnglesHint: {x: 0, y: 0, z: 0}
--- !u!137 &2292657228679142248
SkinnedMeshRenderer:
  m_ObjectHideFlags: 0
  m_CorrespondingSourceObject: {fileID: 0}
  m_PrefabInstance: {fileID: 0}
  m_PrefabAsset: {fileID: 0}
  m_GameObject: {fileID: 1361651710039563444}
  m_Enabled: 1
  m_CastShadows: 1
  m_ReceiveShadows: 1
  m_DynamicOccludee: 1
  m_MotionVectors: 1
  m_LightProbeUsage: 1
  m_ReflectionProbeUsage: 1
  m_RayTracingMode: 0
  m_RenderingLayerMask: 1
  m_RendererPriority: 0
  m_Materials:
  - {fileID: 2100000, guid: 15833c3abea6b6d4e91690cc138d9fa9, type: 2}
  m_StaticBatchInfo:
    firstSubMesh: 0
    subMeshCount: 0
  m_StaticBatchRoot: {fileID: 0}
  m_ProbeAnchor: {fileID: 0}
  m_LightProbeVolumeOverride: {fileID: 0}
  m_ScaleInLightmap: 1
  m_ReceiveGI: 1
  m_PreserveUVs: 0
  m_IgnoreNormalsForChartDetection: 0
  m_ImportantGI: 0
  m_StitchLightmapSeams: 1
  m_SelectedEditorRenderState: 3
  m_MinimumChartSize: 4
  m_AutoUVMaxDistance: 0.5
  m_AutoUVMaxAngle: 89
  m_LightmapParameters: {fileID: 0}
  m_SortingLayerID: 0
  m_SortingLayer: 0
  m_SortingOrder: 0
  serializedVersion: 2
  m_Quality: 0
  m_UpdateWhenOffscreen: 1
  m_SkinnedMotionVectors: 1
  m_Mesh: {fileID: -2802030942488062976, guid: b1b7083870dbaf4499d43eca5fa95c3c, type: 3}
  m_Bones:
  - {fileID: 1694665463322434881}
  - {fileID: 5008503074048934950}
  - {fileID: 1208792603682790141}
  - {fileID: 8385589656163631897}
  - {fileID: 2060956506308789932}
  - {fileID: 7086270555520557766}
  - {fileID: 710274576792858585}
  - {fileID: 2541811031801717884}
  - {fileID: 4055638229987426314}
  - {fileID: 8163671055161197793}
  - {fileID: 4174907495235774828}
  - {fileID: 8162023400198036811}
  - {fileID: 8007062408899171579}
  - {fileID: 7430706705770809909}
  - {fileID: 1098636286535156881}
  - {fileID: 1116969761198241721}
  - {fileID: 6549661272268114403}
  - {fileID: 5817239970125022347}
  - {fileID: 9015619312525545227}
  - {fileID: 6915996648843970156}
  - {fileID: 8542470622525991942}
  - {fileID: 5391348166907412695}
  - {fileID: 1219351639092852002}
  - {fileID: 6878879812045684095}
  - {fileID: 7741603104705878315}
  - {fileID: 6463464657825348576}
  - {fileID: 6672203904202697169}
  - {fileID: 2508119594144396178}
  - {fileID: 6652949654632685197}
  - {fileID: 214168822451983244}
  - {fileID: 3888417675979944135}
  - {fileID: 5937031177890718885}
  - {fileID: 7472288889374640696}
  - {fileID: 5140066531062643294}
  - {fileID: 8229474347652545859}
  m_BlendShapeWeights: []
  m_RootBone: {fileID: 1694665463322434881}
  m_AABB:
    m_Center: {x: 0.000000018626451, y: 0.320525, z: 0.2104061}
    m_Extent: {x: 0.04834587, y: 0.043471903, z: 0.011347234}
  m_DirtyAABB: 0
--- !u!1 &1675117080036254615
GameObject:
  m_ObjectHideFlags: 0
  m_CorrespondingSourceObject: {fileID: 0}
  m_PrefabInstance: {fileID: 0}
  m_PrefabAsset: {fileID: 0}
  serializedVersion: 6
  m_Component:
  - component: {fileID: 3888417675979944135}
  m_Layer: 0
  m_Name: RThigh
  m_TagString: Untagged
  m_Icon: {fileID: 0}
  m_NavMeshLayer: 0
  m_StaticEditorFlags: 0
  m_IsActive: 1
--- !u!4 &3888417675979944135
Transform:
  m_ObjectHideFlags: 0
  m_CorrespondingSourceObject: {fileID: 0}
  m_PrefabInstance: {fileID: 0}
  m_PrefabAsset: {fileID: 0}
  m_GameObject: {fileID: 1675117080036254615}
  m_LocalRotation: {x: 0.000000041019504, y: 0.041019488, z: -0.0000009991588, w: 0.9991584}
  m_LocalPosition: {x: -0.07013921, y: -0.121118, z: 0.01913975}
  m_LocalScale: {x: 1, y: 1, z: 1}
  m_Children:
  - {fileID: 5937031177890718885}
  m_Father: {fileID: 6463464657825348576}
  m_RootOrder: 1
  m_LocalEulerAnglesHint: {x: 0, y: 0, z: 0}
--- !u!1 &1978700874293336306
GameObject:
  m_ObjectHideFlags: 0
  m_CorrespondingSourceObject: {fileID: 0}
  m_PrefabInstance: {fileID: 0}
  m_PrefabAsset: {fileID: 0}
  serializedVersion: 6
  m_Component:
  - component: {fileID: 4055638229987426314}
  m_Layer: 0
  m_Name: LFingerA
  m_TagString: Untagged
  m_Icon: {fileID: 0}
  m_NavMeshLayer: 0
  m_StaticEditorFlags: 0
  m_IsActive: 1
--- !u!4 &4055638229987426314
Transform:
  m_ObjectHideFlags: 0
  m_CorrespondingSourceObject: {fileID: 0}
  m_PrefabInstance: {fileID: 0}
  m_PrefabAsset: {fileID: 0}
  m_GameObject: {fileID: 1978700874293336306}
  m_LocalRotation: {x: 0.78939444, y: -0.5412819, z: 0.00452122, w: -0.28956854}
  m_LocalPosition: {x: -0.01853277, y: 0.021216098, z: 0.00058777997}
  m_LocalScale: {x: 1, y: 1, z: 1}
  m_Children: []
  m_Father: {fileID: 2541811031801717884}
  m_RootOrder: 0
  m_LocalEulerAnglesHint: {x: 0, y: 0, z: 0}
--- !u!1 &2040973599461367344
GameObject:
  m_ObjectHideFlags: 0
  m_CorrespondingSourceObject: {fileID: 0}
  m_PrefabInstance: {fileID: 0}
  m_PrefabAsset: {fileID: 0}
  serializedVersion: 6
  m_Component:
  - component: {fileID: 6549661272268114403}
  m_Layer: 0
  m_Name: RFingerB
  m_TagString: Untagged
  m_Icon: {fileID: 0}
  m_NavMeshLayer: 0
  m_StaticEditorFlags: 0
  m_IsActive: 1
--- !u!4 &6549661272268114403
Transform:
  m_ObjectHideFlags: 0
  m_CorrespondingSourceObject: {fileID: 0}
  m_PrefabInstance: {fileID: 0}
  m_PrefabAsset: {fileID: 0}
  m_GameObject: {fileID: 2040973599461367344}
  m_LocalRotation: {x: 0.99602497, y: 0.0010545229, z: -0.088269636, w: -0.011900159}
  m_LocalPosition: {x: -0.03565025, y: -0.0121230995, z: 0.0051064095}
  m_LocalScale: {x: 1, y: 1, z: 1}
  m_Children: []
  m_Father: {fileID: 1098636286535156881}
  m_RootOrder: 1
  m_LocalEulerAnglesHint: {x: 0, y: 0, z: 0}
--- !u!1 &2167405553446123919
GameObject:
  m_ObjectHideFlags: 0
  m_CorrespondingSourceObject: {fileID: 0}
  m_PrefabInstance: {fileID: 0}
  m_PrefabAsset: {fileID: 0}
  serializedVersion: 6
  m_Component:
  - component: {fileID: 1098636286535156881}
  m_Layer: 0
  m_Name: RHand
  m_TagString: Untagged
  m_Icon: {fileID: 0}
  m_NavMeshLayer: 0
  m_StaticEditorFlags: 0
  m_IsActive: 1
--- !u!4 &1098636286535156881
Transform:
  m_ObjectHideFlags: 0
  m_CorrespondingSourceObject: {fileID: 0}
  m_PrefabInstance: {fileID: 0}
  m_PrefabAsset: {fileID: 0}
  m_GameObject: {fileID: 2167405553446123919}
  m_LocalRotation: {x: -0.00016572881, y: -0.0031244825, z: -0.000074016745, w: 0.9999951}
  m_LocalPosition: {x: -0.049691617, y: 0.00000014999999, z: -0.00000018}
  m_LocalScale: {x: 1, y: 1, z: 1}
  m_Children:
  - {fileID: 1116969761198241721}
  - {fileID: 6549661272268114403}
  - {fileID: 5817239970125022347}
  m_Father: {fileID: 7430706705770809909}
  m_RootOrder: 0
  m_LocalEulerAnglesHint: {x: 0, y: 0, z: 0}
--- !u!1 &2344474872454876860
GameObject:
  m_ObjectHideFlags: 0
  m_CorrespondingSourceObject: {fileID: 0}
  m_PrefabInstance: {fileID: 0}
  m_PrefabAsset: {fileID: 0}
  serializedVersion: 6
  m_Component:
  - component: {fileID: 1498447052155421736}
  - component: {fileID: 5435587362946783063}
  m_Layer: 0
  m_Name: LEye_OptMesh_2_0_node
  m_TagString: Untagged
  m_Icon: {fileID: 0}
  m_NavMeshLayer: 0
  m_StaticEditorFlags: 0
  m_IsActive: 1
--- !u!4 &1498447052155421736
Transform:
  m_ObjectHideFlags: 0
  m_CorrespondingSourceObject: {fileID: 0}
  m_PrefabInstance: {fileID: 0}
  m_PrefabAsset: {fileID: 0}
  m_GameObject: {fileID: 2344474872454876860}
  m_LocalRotation: {x: 0, y: -0, z: -0, w: 1}
  m_LocalPosition: {x: -0, y: 0, z: 0}
  m_LocalScale: {x: 1, y: 1, z: 1}
  m_Children: []
  m_Father: {fileID: 3046311846837180159}
  m_RootOrder: 2
  m_LocalEulerAnglesHint: {x: 0, y: 0, z: 0}
--- !u!137 &5435587362946783063
SkinnedMeshRenderer:
  m_ObjectHideFlags: 0
  m_CorrespondingSourceObject: {fileID: 0}
  m_PrefabInstance: {fileID: 0}
  m_PrefabAsset: {fileID: 0}
  m_GameObject: {fileID: 2344474872454876860}
  m_Enabled: 1
  m_CastShadows: 1
  m_ReceiveShadows: 1
  m_DynamicOccludee: 1
  m_MotionVectors: 1
  m_LightProbeUsage: 1
  m_ReflectionProbeUsage: 1
  m_RayTracingMode: 0
  m_RenderingLayerMask: 1
  m_RendererPriority: 0
  m_Materials:
  - {fileID: 2100000, guid: 6af9fce0f9e9c9f4d840dde64ce2114a, type: 2}
  m_StaticBatchInfo:
    firstSubMesh: 0
    subMeshCount: 0
  m_StaticBatchRoot: {fileID: 0}
  m_ProbeAnchor: {fileID: 0}
  m_LightProbeVolumeOverride: {fileID: 0}
  m_ScaleInLightmap: 1
  m_ReceiveGI: 1
  m_PreserveUVs: 0
  m_IgnoreNormalsForChartDetection: 0
  m_ImportantGI: 0
  m_StitchLightmapSeams: 1
  m_SelectedEditorRenderState: 3
  m_MinimumChartSize: 4
  m_AutoUVMaxDistance: 0.5
  m_AutoUVMaxAngle: 89
  m_LightmapParameters: {fileID: 0}
  m_SortingLayerID: 0
  m_SortingLayer: 0
  m_SortingOrder: 0
  serializedVersion: 2
  m_Quality: 0
  m_UpdateWhenOffscreen: 1
  m_SkinnedMotionVectors: 1
  m_Mesh: {fileID: 4570429477855437564, guid: b1b7083870dbaf4499d43eca5fa95c3c, type: 3}
  m_Bones:
  - {fileID: 1694665463322434881}
  - {fileID: 5008503074048934950}
  - {fileID: 1208792603682790141}
  - {fileID: 8385589656163631897}
  - {fileID: 2060956506308789932}
  - {fileID: 7086270555520557766}
  - {fileID: 710274576792858585}
  - {fileID: 2541811031801717884}
  - {fileID: 4055638229987426314}
  - {fileID: 8163671055161197793}
  - {fileID: 4174907495235774828}
  - {fileID: 8162023400198036811}
  - {fileID: 8007062408899171579}
  - {fileID: 7430706705770809909}
  - {fileID: 1098636286535156881}
  - {fileID: 1116969761198241721}
  - {fileID: 6549661272268114403}
  - {fileID: 5817239970125022347}
  - {fileID: 9015619312525545227}
  - {fileID: 6915996648843970156}
  - {fileID: 8542470622525991942}
  - {fileID: 5391348166907412695}
  - {fileID: 1219351639092852002}
  - {fileID: 6878879812045684095}
  - {fileID: 7741603104705878315}
  - {fileID: 6463464657825348576}
  - {fileID: 6672203904202697169}
  - {fileID: 2508119594144396178}
  - {fileID: 6652949654632685197}
  - {fileID: 214168822451983244}
  - {fileID: 3888417675979944135}
  - {fileID: 5937031177890718885}
  - {fileID: 7472288889374640696}
  - {fileID: 5140066531062643294}
  - {fileID: 8229474347652545859}
  m_BlendShapeWeights: []
  m_RootBone: {fileID: 1694665463322434881}
  m_AABB:
    m_Center: {x: -0.061534524, y: 0.38933343, z: 0.18962996}
    m_Extent: {x: 0.037151337, y: 0.02847287, z: 0.01955995}
  m_DirtyAABB: 0
--- !u!1 &2685016561905716210
GameObject:
  m_ObjectHideFlags: 0
  m_CorrespondingSourceObject: {fileID: 0}
  m_PrefabInstance: {fileID: 0}
  m_PrefabAsset: {fileID: 0}
  serializedVersion: 6
  m_Component:
  - component: {fileID: 5937031177890718885}
  m_Layer: 0
  m_Name: RLeg
  m_TagString: Untagged
  m_Icon: {fileID: 0}
  m_NavMeshLayer: 0
  m_StaticEditorFlags: 0
  m_IsActive: 1
--- !u!4 &5937031177890718885
Transform:
  m_ObjectHideFlags: 0
  m_CorrespondingSourceObject: {fileID: 0}
  m_PrefabInstance: {fileID: 0}
  m_PrefabAsset: {fileID: 0}
  m_GameObject: {fileID: 2685016561905716210}
  m_LocalRotation: {x: 0.00000015657899, y: -0.10438596, z: 0.0000014918058, w: 0.9945369}
  m_LocalPosition: {x: -0.08119604, y: 0.00000081999997, z: -0.00000001}
  m_LocalScale: {x: 1, y: 1, z: 1}
  m_Children:
  - {fileID: 7472288889374640696}
  m_Father: {fileID: 3888417675979944135}
  m_RootOrder: 0
  m_LocalEulerAnglesHint: {x: 0, y: 0, z: 0}
--- !u!1 &3231372733141573653
GameObject:
  m_ObjectHideFlags: 0
  m_CorrespondingSourceObject: {fileID: 0}
  m_PrefabInstance: {fileID: 0}
  m_PrefabAsset: {fileID: 0}
  serializedVersion: 6
  m_Component:
  - component: {fileID: 8385589656163631897}
  m_Layer: 0
  m_Name: Head
  m_TagString: Untagged
  m_Icon: {fileID: 0}
  m_NavMeshLayer: 0
  m_StaticEditorFlags: 0
  m_IsActive: 1
--- !u!4 &8385589656163631897
Transform:
  m_ObjectHideFlags: 0
  m_CorrespondingSourceObject: {fileID: 0}
  m_PrefabInstance: {fileID: 0}
  m_PrefabAsset: {fileID: 0}
  m_GameObject: {fileID: 3231372733141573653}
  m_LocalRotation: {x: 0, y: -0, z: -0, w: 1}
  m_LocalPosition: {x: -0, y: 0, z: 0}
  m_LocalScale: {x: 1, y: 1, z: 1}
  m_Children:
  - {fileID: 8542470622525991942}
  - {fileID: 5391348166907412695}
  - {fileID: 6878879812045684095}
  - {fileID: 2060956506308789932}
  - {fileID: 1219351639092852002}
  - {fileID: 7741603104705878315}
  - {fileID: 8162023400198036811}
  - {fileID: 9015619312525545227}
  m_Father: {fileID: 1208792603682790141}
  m_RootOrder: 0
  m_LocalEulerAnglesHint: {x: 0, y: 0, z: 0}
--- !u!1 &3275292542636275939
GameObject:
  m_ObjectHideFlags: 0
  m_CorrespondingSourceObject: {fileID: 0}
  m_PrefabInstance: {fileID: 0}
  m_PrefabAsset: {fileID: 0}
  serializedVersion: 6
  m_Component:
  - component: {fileID: 5391348166907412695}
  m_Layer: 0
  m_Name: LEar
  m_TagString: Untagged
  m_Icon: {fileID: 0}
  m_NavMeshLayer: 0
  m_StaticEditorFlags: 0
  m_IsActive: 1
--- !u!4 &5391348166907412695
Transform:
  m_ObjectHideFlags: 0
  m_CorrespondingSourceObject: {fileID: 0}
  m_PrefabInstance: {fileID: 0}
  m_PrefabAsset: {fileID: 0}
  m_GameObject: {fileID: 3275292542636275939}
  m_LocalRotation: {x: -0.0016957378, y: -0.03696096, z: 0.4952178, w: 0.86798066}
  m_LocalPosition: {x: -0.2515777, y: -0.12416589, z: 0.00901723}
  m_LocalScale: {x: 1, y: 1, z: 1}
  m_Children: []
  m_Father: {fileID: 8385589656163631897}
  m_RootOrder: 1
  m_LocalEulerAnglesHint: {x: 0, y: 0, z: 0}
--- !u!1 &3473461550482694912
GameObject:
  m_ObjectHideFlags: 0
  m_CorrespondingSourceObject: {fileID: 0}
  m_PrefabInstance: {fileID: 0}
  m_PrefabAsset: {fileID: 0}
  serializedVersion: 6
  m_Component:
  - component: {fileID: 1694665463322434881}
  m_Layer: 0
  m_Name: pm0035_00
  m_TagString: Untagged
  m_Icon: {fileID: 0}
  m_NavMeshLayer: 0
  m_StaticEditorFlags: 0
  m_IsActive: 1
--- !u!4 &1694665463322434881
Transform:
  m_ObjectHideFlags: 0
  m_CorrespondingSourceObject: {fileID: 0}
  m_PrefabInstance: {fileID: 0}
  m_PrefabAsset: {fileID: 0}
  m_GameObject: {fileID: 3473461550482694912}
  m_LocalRotation: {x: 0, y: -0, z: -0, w: 1}
  m_LocalPosition: {x: -0, y: 0, z: 0}
  m_LocalScale: {x: 1, y: 1, z: 1}
  m_Children:
  - {fileID: 5008503074048934950}
  - {fileID: 8229474347652545859}
  m_Father: {fileID: 3046311846837180159}
  m_RootOrder: 4
  m_LocalEulerAnglesHint: {x: 0, y: 0, z: 0}
--- !u!1 &3789585015067240547
GameObject:
  m_ObjectHideFlags: 0
  m_CorrespondingSourceObject: {fileID: 0}
  m_PrefabInstance: {fileID: 0}
  m_PrefabAsset: {fileID: 0}
  serializedVersion: 6
  m_Component:
  - component: {fileID: 2508119594144396178}
  m_Layer: 0
  m_Name: LLeg
  m_TagString: Untagged
  m_Icon: {fileID: 0}
  m_NavMeshLayer: 0
  m_StaticEditorFlags: 0
  m_IsActive: 1
--- !u!4 &2508119594144396178
Transform:
  m_ObjectHideFlags: 0
  m_CorrespondingSourceObject: {fileID: 0}
  m_PrefabInstance: {fileID: 0}
  m_PrefabAsset: {fileID: 0}
  m_GameObject: {fileID: 3789585015067240547}
  m_LocalRotation: {x: -0.00000015657899, y: -0.10438596, z: -0.0000014918058, w: 0.9945369}
  m_LocalPosition: {x: -0.08119598, y: 0, z: 0}
  m_LocalScale: {x: 1, y: 1, z: 1}
  m_Children:
  - {fileID: 6652949654632685197}
  m_Father: {fileID: 6672203904202697169}
  m_RootOrder: 0
  m_LocalEulerAnglesHint: {x: 0, y: 0, z: 0}
--- !u!1 &3902962749203025934
GameObject:
  m_ObjectHideFlags: 0
  m_CorrespondingSourceObject: {fileID: 0}
  m_PrefabInstance: {fileID: 0}
  m_PrefabAsset: {fileID: 0}
  serializedVersion: 6
  m_Component:
  - component: {fileID: 8163671055161197793}
  m_Layer: 0
  m_Name: LFingerB
  m_TagString: Untagged
  m_Icon: {fileID: 0}
  m_NavMeshLayer: 0
  m_StaticEditorFlags: 0
  m_IsActive: 1
--- !u!4 &8163671055161197793
Transform:
  m_ObjectHideFlags: 0
  m_CorrespondingSourceObject: {fileID: 0}
  m_PrefabInstance: {fileID: 0}
  m_PrefabAsset: {fileID: 0}
  m_GameObject: {fileID: 3902962749203025934}
  m_LocalRotation: {x: 0.99602497, y: -0.0010545229, z: -0.088269636, w: 0.011900159}
  m_LocalPosition: {x: -0.0356497, y: 0.01212339, z: 0.0051054796}
  m_LocalScale: {x: 1, y: 1, z: 1}
  m_Children: []
  m_Father: {fileID: 2541811031801717884}
  m_RootOrder: 1
  m_LocalEulerAnglesHint: {x: 0, y: 0, z: 0}
--- !u!1 &3999380380187383386
GameObject:
  m_ObjectHideFlags: 0
  m_CorrespondingSourceObject: {fileID: 0}
  m_PrefabInstance: {fileID: 0}
  m_PrefabAsset: {fileID: 0}
  serializedVersion: 6
  m_Component:
  - component: {fileID: 5817239970125022347}
  m_Layer: 0
  m_Name: RFingerC
  m_TagString: Untagged
  m_Icon: {fileID: 0}
  m_NavMeshLayer: 0
  m_StaticEditorFlags: 0
  m_IsActive: 1
--- !u!4 &5817239970125022347
Transform:
  m_ObjectHideFlags: 0
  m_CorrespondingSourceObject: {fileID: 0}
  m_PrefabInstance: {fileID: 0}
  m_PrefabAsset: {fileID: 0}
  m_GameObject: {fileID: 3999380380187383386}
  m_LocalRotation: {x: 0.9945042, y: 0.0012258373, z: -0.10399458, w: -0.0120417485}
  m_LocalPosition: {x: -0.037274387, y: 0.00686616, z: 0.0036098098}
  m_LocalScale: {x: 1, y: 1, z: 1}
  m_Children: []
  m_Father: {fileID: 1098636286535156881}
  m_RootOrder: 2
  m_LocalEulerAnglesHint: {x: 0, y: 0, z: 0}
--- !u!1 &4009430757993066709
GameObject:
  m_ObjectHideFlags: 0
  m_CorrespondingSourceObject: {fileID: 0}
  m_PrefabInstance: {fileID: 0}
  m_PrefabAsset: {fileID: 0}
  serializedVersion: 6
  m_Component:
  - component: {fileID: 7472288889374640696}
  m_Layer: 0
  m_Name: RFoot
  m_TagString: Untagged
  m_Icon: {fileID: 0}
  m_NavMeshLayer: 0
  m_StaticEditorFlags: 0
  m_IsActive: 1
--- !u!4 &7472288889374640696
Transform:
  m_ObjectHideFlags: 0
  m_CorrespondingSourceObject: {fileID: 0}
  m_PrefabInstance: {fileID: 0}
  m_PrefabAsset: {fileID: 0}
  m_GameObject: {fileID: 4009430757993066709}
  m_LocalRotation: {x: 0.00000007837114, y: 0.75058293, z: 0.00000007837114, w: 0.66077626}
  m_LocalPosition: {x: -0.0525098, y: -0.00000097, z: 0}
  m_LocalScale: {x: 1, y: 1, z: 1}
  m_Children:
  - {fileID: 5140066531062643294}
  m_Father: {fileID: 5937031177890718885}
  m_RootOrder: 0
  m_LocalEulerAnglesHint: {x: 0, y: 0, z: 0}
--- !u!1 &4175937169553152631
GameObject:
  m_ObjectHideFlags: 0
  m_CorrespondingSourceObject: {fileID: 0}
  m_PrefabInstance: {fileID: 0}
  m_PrefabAsset: {fileID: 0}
  serializedVersion: 6
  m_Component:
  - component: {fileID: 6830599627051252308}
  - component: {fileID: 1395740360974567688}
  m_Layer: 0
  m_Name: REye_OptMesh_4_0_node
  m_TagString: Untagged
  m_Icon: {fileID: 0}
  m_NavMeshLayer: 0
  m_StaticEditorFlags: 0
  m_IsActive: 1
--- !u!4 &6830599627051252308
Transform:
  m_ObjectHideFlags: 0
  m_CorrespondingSourceObject: {fileID: 0}
  m_PrefabInstance: {fileID: 0}
  m_PrefabAsset: {fileID: 0}
  m_GameObject: {fileID: 4175937169553152631}
  m_LocalRotation: {x: 0, y: -0, z: -0, w: 1}
  m_LocalPosition: {x: -0, y: 0, z: 0}
  m_LocalScale: {x: 1, y: 1, z: 1}
  m_Children: []
  m_Father: {fileID: 3046311846837180159}
  m_RootOrder: 5
  m_LocalEulerAnglesHint: {x: 0, y: 0, z: 0}
--- !u!137 &1395740360974567688
SkinnedMeshRenderer:
  m_ObjectHideFlags: 0
  m_CorrespondingSourceObject: {fileID: 0}
  m_PrefabInstance: {fileID: 0}
  m_PrefabAsset: {fileID: 0}
  m_GameObject: {fileID: 4175937169553152631}
  m_Enabled: 1
  m_CastShadows: 1
  m_ReceiveShadows: 1
  m_DynamicOccludee: 1
  m_MotionVectors: 1
  m_LightProbeUsage: 1
  m_ReflectionProbeUsage: 1
  m_RayTracingMode: 0
  m_RenderingLayerMask: 1
  m_RendererPriority: 0
  m_Materials:
  - {fileID: 2100000, guid: 6af9fce0f9e9c9f4d840dde64ce2114a, type: 2}
  m_StaticBatchInfo:
    firstSubMesh: 0
    subMeshCount: 0
  m_StaticBatchRoot: {fileID: 0}
  m_ProbeAnchor: {fileID: 0}
  m_LightProbeVolumeOverride: {fileID: 0}
  m_ScaleInLightmap: 1
  m_ReceiveGI: 1
  m_PreserveUVs: 0
  m_IgnoreNormalsForChartDetection: 0
  m_ImportantGI: 0
  m_StitchLightmapSeams: 1
  m_SelectedEditorRenderState: 3
  m_MinimumChartSize: 4
  m_AutoUVMaxDistance: 0.5
  m_AutoUVMaxAngle: 89
  m_LightmapParameters: {fileID: 0}
  m_SortingLayerID: 0
  m_SortingLayer: 0
  m_SortingOrder: 0
  serializedVersion: 2
  m_Quality: 0
  m_UpdateWhenOffscreen: 1
  m_SkinnedMotionVectors: 1
  m_Mesh: {fileID: -5603144402397436837, guid: b1b7083870dbaf4499d43eca5fa95c3c, type: 3}
  m_Bones:
  - {fileID: 1694665463322434881}
  - {fileID: 5008503074048934950}
  - {fileID: 1208792603682790141}
  - {fileID: 8385589656163631897}
  - {fileID: 2060956506308789932}
  - {fileID: 7086270555520557766}
  - {fileID: 710274576792858585}
  - {fileID: 2541811031801717884}
  - {fileID: 4055638229987426314}
  - {fileID: 8163671055161197793}
  - {fileID: 4174907495235774828}
  - {fileID: 8162023400198036811}
  - {fileID: 8007062408899171579}
  - {fileID: 7430706705770809909}
  - {fileID: 1098636286535156881}
  - {fileID: 1116969761198241721}
  - {fileID: 6549661272268114403}
  - {fileID: 5817239970125022347}
  - {fileID: 9015619312525545227}
  - {fileID: 6915996648843970156}
  - {fileID: 8542470622525991942}
  - {fileID: 5391348166907412695}
  - {fileID: 1219351639092852002}
  - {fileID: 6878879812045684095}
  - {fileID: 7741603104705878315}
  - {fileID: 6463464657825348576}
  - {fileID: 6672203904202697169}
  - {fileID: 2508119594144396178}
  - {fileID: 6652949654632685197}
  - {fileID: 214168822451983244}
  - {fileID: 3888417675979944135}
  - {fileID: 5937031177890718885}
  - {fileID: 7472288889374640696}
  - {fileID: 5140066531062643294}
  - {fileID: 8229474347652545859}
  m_BlendShapeWeights: []
  m_RootBone: {fileID: 1694665463322434881}
  m_AABB:
    m_Center: {x: 0.061534524, y: 0.38933343, z: 0.18962996}
    m_Extent: {x: 0.037151337, y: 0.0284729, z: 0.01955995}
  m_DirtyAABB: 0
--- !u!1 &4182058826960680901
GameObject:
  m_ObjectHideFlags: 0
  m_CorrespondingSourceObject: {fileID: 0}
  m_PrefabInstance: {fileID: 0}
  m_PrefabAsset: {fileID: 0}
  serializedVersion: 6
  m_Component:
  - component: {fileID: 9015619312525545227}
  m_Layer: 0
  m_Name: Tail1
  m_TagString: Untagged
  m_Icon: {fileID: 0}
  m_NavMeshLayer: 0
  m_StaticEditorFlags: 0
  m_IsActive: 1
--- !u!4 &9015619312525545227
Transform:
  m_ObjectHideFlags: 0
  m_CorrespondingSourceObject: {fileID: 0}
  m_PrefabInstance: {fileID: 0}
  m_PrefabAsset: {fileID: 0}
  m_GameObject: {fileID: 4182058826960680901}
  m_LocalRotation: {x: 0.44762355, y: 0.00000005648582, z: 0.8942221, w: 0.0000005565442}
  m_LocalPosition: {x: -0.04233506, y: 0.00000019, z: -0.2043069}
  m_LocalScale: {x: 1, y: 1, z: 1}
  m_Children:
  - {fileID: 6915996648843970156}
  m_Father: {fileID: 8385589656163631897}
  m_RootOrder: 7
  m_LocalEulerAnglesHint: {x: 0, y: 0, z: 0}
--- !u!1 &4257951018214391115
GameObject:
  m_ObjectHideFlags: 0
  m_CorrespondingSourceObject: {fileID: 0}
  m_PrefabInstance: {fileID: 0}
  m_PrefabAsset: {fileID: 0}
  serializedVersion: 6
  m_Component:
  - component: {fileID: 5140066531062643294}
  m_Layer: 0
  m_Name: RToe
  m_TagString: Untagged
  m_Icon: {fileID: 0}
  m_NavMeshLayer: 0
  m_StaticEditorFlags: 0
  m_IsActive: 1
--- !u!4 &5140066531062643294
Transform:
  m_ObjectHideFlags: 0
  m_CorrespondingSourceObject: {fileID: 0}
  m_PrefabInstance: {fileID: 0}
  m_PrefabAsset: {fileID: 0}
  m_GameObject: {fileID: 4257951018214391115}
  m_LocalRotation: {x: 0, y: -0, z: -0, w: 1}
  m_LocalPosition: {x: -0.047681943, y: 0.00000001, z: -0.01037931}
  m_LocalScale: {x: 1, y: 1, z: 1}
  m_Children: []
  m_Father: {fileID: 7472288889374640696}
  m_RootOrder: 0
  m_LocalEulerAnglesHint: {x: 0, y: 0, z: 0}
--- !u!1 &4314722315651202104
GameObject:
  m_ObjectHideFlags: 0
  m_CorrespondingSourceObject: {fileID: 0}
  m_PrefabInstance: {fileID: 0}
  m_PrefabAsset: {fileID: 0}
  serializedVersion: 6
  m_Component:
  - component: {fileID: 2042887443683099407}
  - component: {fileID: 5783246244855801629}
  m_Layer: 0
  m_Name: Body_OptMesh_0_0_node
  m_TagString: Untagged
  m_Icon: {fileID: 0}
  m_NavMeshLayer: 0
  m_StaticEditorFlags: 0
  m_IsActive: 1
--- !u!4 &2042887443683099407
Transform:
  m_ObjectHideFlags: 0
  m_CorrespondingSourceObject: {fileID: 0}
  m_PrefabInstance: {fileID: 0}
  m_PrefabAsset: {fileID: 0}
  m_GameObject: {fileID: 4314722315651202104}
  m_LocalRotation: {x: 0, y: -0, z: -0, w: 1}
  m_LocalPosition: {x: -0, y: 0, z: 0}
  m_LocalScale: {x: 1, y: 1, z: 1}
  m_Children: []
  m_Father: {fileID: 3046311846837180159}
  m_RootOrder: 0
  m_LocalEulerAnglesHint: {x: 0, y: 0, z: 0}
--- !u!137 &5783246244855801629
SkinnedMeshRenderer:
  m_ObjectHideFlags: 0
  m_CorrespondingSourceObject: {fileID: 0}
  m_PrefabInstance: {fileID: 0}
  m_PrefabAsset: {fileID: 0}
  m_GameObject: {fileID: 4314722315651202104}
  m_Enabled: 1
  m_CastShadows: 1
  m_ReceiveShadows: 1
  m_DynamicOccludee: 1
  m_MotionVectors: 1
  m_LightProbeUsage: 1
  m_ReflectionProbeUsage: 1
  m_RayTracingMode: 0
  m_RenderingLayerMask: 1
  m_RendererPriority: 0
  m_Materials:
  - {fileID: 2100000, guid: bf9b41e13d669214f82120ce74d6e754, type: 2}
  m_StaticBatchInfo:
    firstSubMesh: 0
    subMeshCount: 0
  m_StaticBatchRoot: {fileID: 0}
  m_ProbeAnchor: {fileID: 0}
  m_LightProbeVolumeOverride: {fileID: 0}
  m_ScaleInLightmap: 1
  m_ReceiveGI: 1
  m_PreserveUVs: 0
  m_IgnoreNormalsForChartDetection: 0
  m_ImportantGI: 0
  m_StitchLightmapSeams: 1
  m_SelectedEditorRenderState: 3
  m_MinimumChartSize: 4
  m_AutoUVMaxDistance: 0.5
  m_AutoUVMaxAngle: 89
  m_LightmapParameters: {fileID: 0}
  m_SortingLayerID: 0
  m_SortingLayer: 0
  m_SortingOrder: 0
  serializedVersion: 2
  m_Quality: 0
  m_UpdateWhenOffscreen: 1
  m_SkinnedMotionVectors: 1
  m_Mesh: {fileID: 6620872173388922351, guid: b1b7083870dbaf4499d43eca5fa95c3c, type: 3}
  m_Bones:
  - {fileID: 1694665463322434881}
  - {fileID: 5008503074048934950}
  - {fileID: 1208792603682790141}
  - {fileID: 8385589656163631897}
  - {fileID: 2060956506308789932}
  - {fileID: 7086270555520557766}
  - {fileID: 710274576792858585}
  - {fileID: 2541811031801717884}
  - {fileID: 4055638229987426314}
  - {fileID: 8163671055161197793}
  - {fileID: 4174907495235774828}
  - {fileID: 8162023400198036811}
  - {fileID: 8007062408899171579}
  - {fileID: 7430706705770809909}
  - {fileID: 1098636286535156881}
  - {fileID: 1116969761198241721}
  - {fileID: 6549661272268114403}
  - {fileID: 5817239970125022347}
  - {fileID: 9015619312525545227}
  - {fileID: 6915996648843970156}
  - {fileID: 8542470622525991942}
  - {fileID: 5391348166907412695}
  - {fileID: 1219351639092852002}
  - {fileID: 6878879812045684095}
  - {fileID: 7741603104705878315}
  - {fileID: 6463464657825348576}
  - {fileID: 6672203904202697169}
  - {fileID: 2508119594144396178}
  - {fileID: 6652949654632685197}
  - {fileID: 214168822451983244}
  - {fileID: 3888417675979944135}
  - {fileID: 5937031177890718885}
  - {fileID: 7472288889374640696}
  - {fileID: 5140066531062643294}
  - {fileID: 8229474347652545859}
  m_BlendShapeWeights: []
  m_RootBone: {fileID: 1694665463322434881}
  m_AABB:
    m_Center: {x: 0.043162256, y: 0.3241493, z: -0.14757177}
    m_Extent: {x: 0.33141497, y: 0.3467732, z: 0.42627314}
  m_DirtyAABB: 0
--- !u!1 &4365933914950195775
GameObject:
  m_ObjectHideFlags: 0
  m_CorrespondingSourceObject: {fileID: 0}
  m_PrefabInstance: {fileID: 0}
  m_PrefabAsset: {fileID: 0}
  serializedVersion: 6
  m_Component:
  - component: {fileID: 4174907495235774828}
  m_Layer: 0
  m_Name: LFingerC
  m_TagString: Untagged
  m_Icon: {fileID: 0}
  m_NavMeshLayer: 0
  m_StaticEditorFlags: 0
  m_IsActive: 1
--- !u!4 &4174907495235774828
Transform:
  m_ObjectHideFlags: 0
  m_CorrespondingSourceObject: {fileID: 0}
  m_PrefabInstance: {fileID: 0}
  m_PrefabAsset: {fileID: 0}
  m_GameObject: {fileID: 4365933914950195775}
  m_LocalRotation: {x: 0.9945042, y: -0.0012258373, z: -0.10399458, w: 0.0120417485}
  m_LocalPosition: {x: -0.037274648, y: -0.0068660197, z: 0.00360904}
  m_LocalScale: {x: 1, y: 1, z: 1}
  m_Children: []
  m_Father: {fileID: 2541811031801717884}
  m_RootOrder: 2
  m_LocalEulerAnglesHint: {x: 0, y: 0, z: 0}
--- !u!1 &4630811731107721060
GameObject:
  m_ObjectHideFlags: 0
  m_CorrespondingSourceObject: {fileID: 0}
  m_PrefabInstance: {fileID: 0}
  m_PrefabAsset: {fileID: 0}
  serializedVersion: 6
  m_Component:
  - component: {fileID: 214168822451983244}
  m_Layer: 0
  m_Name: LToe
  m_TagString: Untagged
  m_Icon: {fileID: 0}
  m_NavMeshLayer: 0
  m_StaticEditorFlags: 0
  m_IsActive: 1
--- !u!4 &214168822451983244
Transform:
  m_ObjectHideFlags: 0
  m_CorrespondingSourceObject: {fileID: 0}
  m_PrefabInstance: {fileID: 0}
  m_PrefabAsset: {fileID: 0}
  m_GameObject: {fileID: 4630811731107721060}
  m_LocalRotation: {x: 0, y: -0, z: -0, w: 1}
  m_LocalPosition: {x: -0.047681943, y: 0.00000027, z: -0.01037931}
  m_LocalScale: {x: 1, y: 1, z: 1}
  m_Children: []
  m_Father: {fileID: 6652949654632685197}
  m_RootOrder: 0
  m_LocalEulerAnglesHint: {x: 0, y: 0, z: 0}
--- !u!1 &4729624484023372740
GameObject:
  m_ObjectHideFlags: 0
  m_CorrespondingSourceObject: {fileID: 0}
  m_PrefabInstance: {fileID: 0}
  m_PrefabAsset: {fileID: 0}
  serializedVersion: 6
  m_Component:
  - component: {fileID: 1208792603682790141}
  m_Layer: 0
  m_Name: Waist
  m_TagString: Untagged
  m_Icon: {fileID: 0}
  m_NavMeshLayer: 0
  m_StaticEditorFlags: 0
  m_IsActive: 1
--- !u!4 &1208792603682790141
Transform:
  m_ObjectHideFlags: 0
  m_CorrespondingSourceObject: {fileID: 0}
  m_PrefabInstance: {fileID: 0}
  m_PrefabAsset: {fileID: 0}
  m_GameObject: {fileID: 4729624484023372740}
  m_LocalRotation: {x: 0.01625566, y: 0.016255666, z: -0.7069198, w: 0.70692}
  m_LocalPosition: {x: -0, y: 0.2191192, z: -0.01905009}
  m_LocalScale: {x: 1, y: 1, z: 1}
  m_Children:
  - {fileID: 8385589656163631897}
  - {fileID: 6463464657825348576}
  m_Father: {fileID: 5008503074048934950}
  m_RootOrder: 0
  m_LocalEulerAnglesHint: {x: 0, y: 0, z: 0}
--- !u!1 &4969662446540573993
GameObject:
  m_ObjectHideFlags: 0
  m_CorrespondingSourceObject: {fileID: 0}
  m_PrefabInstance: {fileID: 0}
  m_PrefabAsset: {fileID: 0}
  serializedVersion: 6
  m_Component:
  - component: {fileID: 1219351639092852002}
  m_Layer: 0
  m_Name: REar
  m_TagString: Untagged
  m_Icon: {fileID: 0}
  m_NavMeshLayer: 0
  m_StaticEditorFlags: 0
  m_IsActive: 1
--- !u!4 &1219351639092852002
Transform:
  m_ObjectHideFlags: 0
  m_CorrespondingSourceObject: {fileID: 0}
  m_PrefabInstance: {fileID: 0}
  m_PrefabAsset: {fileID: 0}
  m_GameObject: {fileID: 4969662446540573993}
  m_LocalRotation: {x: 0.0016957378, y: -0.03696096, z: -0.4952178, w: 0.86798066}
  m_LocalPosition: {x: -0.25157818, y: 0.124166, z: 0.0090172095}
  m_LocalScale: {x: 1, y: 1, z: 1}
  m_Children: []
  m_Father: {fileID: 8385589656163631897}
  m_RootOrder: 4
  m_LocalEulerAnglesHint: {x: 0, y: 0, z: 0}
--- !u!1 &4972201498167861096
GameObject:
  m_ObjectHideFlags: 0
  m_CorrespondingSourceObject: {fileID: 0}
  m_PrefabInstance: {fileID: 0}
  m_PrefabAsset: {fileID: 0}
  serializedVersion: 6
  m_Component:
  - component: {fileID: 7086270555520557766}
  m_Layer: 0
  m_Name: LArm
  m_TagString: Untagged
  m_Icon: {fileID: 0}
  m_NavMeshLayer: 0
  m_StaticEditorFlags: 0
  m_IsActive: 1
--- !u!4 &7086270555520557766
Transform:
  m_ObjectHideFlags: 0
  m_CorrespondingSourceObject: {fileID: 0}
  m_PrefabInstance: {fileID: 0}
  m_PrefabAsset: {fileID: 0}
  m_GameObject: {fileID: 4972201498167861096}
  m_LocalRotation: {x: 0.3849098, y: -0.0611122, z: 0.08143093, w: 0.9173215}
  m_LocalPosition: {x: -0.100962795, y: 0, z: 0}
  m_LocalScale: {x: 1, y: 1, z: 1}
  m_Children:
  - {fileID: 710274576792858585}
  m_Father: {fileID: 2060956506308789932}
  m_RootOrder: 0
  m_LocalEulerAnglesHint: {x: 0, y: 0, z: 0}
--- !u!1 &5273949874255147555
GameObject:
  m_ObjectHideFlags: 0
  m_CorrespondingSourceObject: {fileID: 0}
  m_PrefabInstance: {fileID: 0}
  m_PrefabAsset: {fileID: 0}
  serializedVersion: 6
  m_Component:
  - component: {fileID: 6463464657825348576}
  m_Layer: 0
  m_Name: Hips
  m_TagString: Untagged
  m_Icon: {fileID: 0}
  m_NavMeshLayer: 0
  m_StaticEditorFlags: 0
  m_IsActive: 1
--- !u!4 &6463464657825348576
Transform:
  m_ObjectHideFlags: 0
  m_CorrespondingSourceObject: {fileID: 0}
  m_PrefabInstance: {fileID: 0}
  m_PrefabAsset: {fileID: 0}
  m_GameObject: {fileID: 5273949874255147555}
  m_LocalRotation: {x: -0.022988979, y: 1.407669e-18, z: 0.9997357, w: 6.1216156e-17}
  m_LocalPosition: {x: -0, y: 0, z: 0}
  m_LocalScale: {x: 1, y: 1, z: 1}
  m_Children:
  - {fileID: 6672203904202697169}
  - {fileID: 3888417675979944135}
  m_Father: {fileID: 1208792603682790141}
  m_RootOrder: 1
  m_LocalEulerAnglesHint: {x: 0, y: 0, z: 0}
--- !u!1 &5470832101806616710
GameObject:
  m_ObjectHideFlags: 0
  m_CorrespondingSourceObject: {fileID: 0}
  m_PrefabInstance: {fileID: 0}
  m_PrefabAsset: {fileID: 0}
  serializedVersion: 6
  m_Component:
  - component: {fileID: 6107410334051656157}
  - component: {fileID: 797519147681030676}
  m_Layer: 0
  m_Name: Body_OptMesh_1_0_node
  m_TagString: Untagged
  m_Icon: {fileID: 0}
  m_NavMeshLayer: 0
  m_StaticEditorFlags: 0
  m_IsActive: 1
--- !u!4 &6107410334051656157
Transform:
  m_ObjectHideFlags: 0
  m_CorrespondingSourceObject: {fileID: 0}
  m_PrefabInstance: {fileID: 0}
  m_PrefabAsset: {fileID: 0}
  m_GameObject: {fileID: 5470832101806616710}
  m_LocalRotation: {x: 0, y: -0, z: -0, w: 1}
  m_LocalPosition: {x: -0, y: 0, z: 0}
  m_LocalScale: {x: 1, y: 1, z: 1}
  m_Children: []
  m_Father: {fileID: 3046311846837180159}
  m_RootOrder: 1
  m_LocalEulerAnglesHint: {x: 0, y: 0, z: 0}
--- !u!137 &797519147681030676
SkinnedMeshRenderer:
  m_ObjectHideFlags: 0
  m_CorrespondingSourceObject: {fileID: 0}
  m_PrefabInstance: {fileID: 0}
  m_PrefabAsset: {fileID: 0}
  m_GameObject: {fileID: 5470832101806616710}
  m_Enabled: 1
  m_CastShadows: 1
  m_ReceiveShadows: 1
  m_DynamicOccludee: 1
  m_MotionVectors: 1
  m_LightProbeUsage: 1
  m_ReflectionProbeUsage: 1
  m_RayTracingMode: 0
  m_RenderingLayerMask: 1
  m_RendererPriority: 0
  m_Materials:
  - {fileID: 2100000, guid: bf9b41e13d669214f82120ce74d6e754, type: 2}
  m_StaticBatchInfo:
    firstSubMesh: 0
    subMeshCount: 0
  m_StaticBatchRoot: {fileID: 0}
  m_ProbeAnchor: {fileID: 0}
  m_LightProbeVolumeOverride: {fileID: 0}
  m_ScaleInLightmap: 1
  m_ReceiveGI: 1
  m_PreserveUVs: 0
  m_IgnoreNormalsForChartDetection: 0
  m_ImportantGI: 0
  m_StitchLightmapSeams: 1
  m_SelectedEditorRenderState: 3
  m_MinimumChartSize: 4
  m_AutoUVMaxDistance: 0.5
  m_AutoUVMaxAngle: 89
  m_LightmapParameters: {fileID: 0}
  m_SortingLayerID: 0
  m_SortingLayer: 0
  m_SortingOrder: 0
  serializedVersion: 2
  m_Quality: 0
  m_UpdateWhenOffscreen: 1
  m_SkinnedMotionVectors: 1
  m_Mesh: {fileID: -6613412971529424235, guid: b1b7083870dbaf4499d43eca5fa95c3c, type: 3}
  m_Bones:
  - {fileID: 1694665463322434881}
  - {fileID: 5008503074048934950}
  - {fileID: 1208792603682790141}
  - {fileID: 8385589656163631897}
  - {fileID: 2060956506308789932}
  - {fileID: 7086270555520557766}
  - {fileID: 710274576792858585}
  - {fileID: 2541811031801717884}
  - {fileID: 4055638229987426314}
  - {fileID: 8163671055161197793}
  - {fileID: 4174907495235774828}
  - {fileID: 8162023400198036811}
  - {fileID: 8007062408899171579}
  - {fileID: 7430706705770809909}
  - {fileID: 1098636286535156881}
  - {fileID: 1116969761198241721}
  - {fileID: 6549661272268114403}
  - {fileID: 5817239970125022347}
  - {fileID: 9015619312525545227}
  - {fileID: 6915996648843970156}
  - {fileID: 8542470622525991942}
  - {fileID: 5391348166907412695}
  - {fileID: 1219351639092852002}
  - {fileID: 6878879812045684095}
  - {fileID: 7741603104705878315}
  - {fileID: 6463464657825348576}
  - {fileID: 6672203904202697169}
  - {fileID: 2508119594144396178}
  - {fileID: 6652949654632685197}
  - {fileID: 214168822451983244}
  - {fileID: 3888417675979944135}
  - {fileID: 5937031177890718885}
  - {fileID: 7472288889374640696}
  - {fileID: 5140066531062643294}
  - {fileID: 8229474347652545859}
  m_BlendShapeWeights: []
  m_RootBone: {fileID: 1694665463322434881}
  m_AABB:
    m_Center: {x: -0.19775435, y: 0.32372934, z: 0.01159811}
    m_Extent: {x: 0.17682293, y: 0.33255208, z: 0.26710325}
  m_DirtyAABB: 0
--- !u!1 &5488864874149924489
GameObject:
  m_ObjectHideFlags: 0
  m_CorrespondingSourceObject: {fileID: 0}
  m_PrefabInstance: {fileID: 0}
  m_PrefabAsset: {fileID: 0}
  serializedVersion: 6
  m_Component:
  - component: {fileID: 6672203904202697169}
  m_Layer: 0
  m_Name: LThigh
  m_TagString: Untagged
  m_Icon: {fileID: 0}
  m_NavMeshLayer: 0
  m_StaticEditorFlags: 0
  m_IsActive: 1
--- !u!4 &6672203904202697169
Transform:
  m_ObjectHideFlags: 0
  m_CorrespondingSourceObject: {fileID: 0}
  m_PrefabInstance: {fileID: 0}
  m_PrefabAsset: {fileID: 0}
  m_GameObject: {fileID: 5488864874149924489}
  m_LocalRotation: {x: -0.000000041019504, y: 0.041019488, z: 0.0000009991588, w: 0.9991584}
  m_LocalPosition: {x: -0.07013926, y: 0.121117696, z: 0.01913975}
  m_LocalScale: {x: 1, y: 1, z: 1}
  m_Children:
  - {fileID: 2508119594144396178}
  m_Father: {fileID: 6463464657825348576}
  m_RootOrder: 0
  m_LocalEulerAnglesHint: {x: 0, y: 0, z: 0}
--- !u!1 &5739857760304597562
GameObject:
  m_ObjectHideFlags: 0
  m_CorrespondingSourceObject: {fileID: 0}
  m_PrefabInstance: {fileID: 0}
  m_PrefabAsset: {fileID: 0}
  serializedVersion: 6
  m_Component:
  - component: {fileID: 710274576792858585}
  m_Layer: 0
  m_Name: LForeArm
  m_TagString: Untagged
  m_Icon: {fileID: 0}
  m_NavMeshLayer: 0
  m_StaticEditorFlags: 0
  m_IsActive: 1
--- !u!4 &710274576792858585
Transform:
  m_ObjectHideFlags: 0
  m_CorrespondingSourceObject: {fileID: 0}
  m_PrefabInstance: {fileID: 0}
  m_PrefabAsset: {fileID: 0}
  m_GameObject: {fileID: 5739857760304597562}
  m_LocalRotation: {x: 0, y: -0, z: -0, w: 1}
  m_LocalPosition: {x: -0.06142238, y: 0, z: 0}
  m_LocalScale: {x: 1, y: 1, z: 1}
  m_Children:
  - {fileID: 2541811031801717884}
  m_Father: {fileID: 7086270555520557766}
  m_RootOrder: 0
  m_LocalEulerAnglesHint: {x: 0, y: 0, z: 0}
--- !u!1 &5830432963199136829
GameObject:
  m_ObjectHideFlags: 0
  m_CorrespondingSourceObject: {fileID: 0}
  m_PrefabInstance: {fileID: 0}
  m_PrefabAsset: {fileID: 0}
  serializedVersion: 6
  m_Component:
  - component: {fileID: 6878879812045684095}
  m_Layer: 0
  m_Name: LFeeler
  m_TagString: Untagged
  m_Icon: {fileID: 0}
  m_NavMeshLayer: 0
  m_StaticEditorFlags: 0
  m_IsActive: 1
--- !u!4 &6878879812045684095
Transform:
  m_ObjectHideFlags: 0
  m_CorrespondingSourceObject: {fileID: 0}
  m_PrefabInstance: {fileID: 0}
  m_PrefabAsset: {fileID: 0}
  m_GameObject: {fileID: 5830432963199136829}
  m_LocalRotation: {x: 0.07247331, y: 0.07247329, z: 0.7033829, w: 0.70338315}
  m_LocalPosition: {x: -0.1454736, y: -0.02450762, z: -0.2030779}
  m_LocalScale: {x: 1, y: 1, z: 1}
  m_Children: []
  m_Father: {fileID: 8385589656163631897}
  m_RootOrder: 2
  m_LocalEulerAnglesHint: {x: 0, y: 0, z: 0}
--- !u!1 &6009865536884186027
GameObject:
  m_ObjectHideFlags: 0
  m_CorrespondingSourceObject: {fileID: 0}
  m_PrefabInstance: {fileID: 0}
  m_PrefabAsset: {fileID: 0}
  serializedVersion: 6
  m_Component:
  - component: {fileID: 4417828561969680298}
  - component: {fileID: 8441525744160909729}
  - component: {fileID: 2576196781467072292}
  - component: {fileID: 5522198076951413772}
  - component: {fileID: 288818831791960257}
  - component: {fileID: 6615828398056583986}
  - component: {fileID: 3257660143787853051}
  m_Layer: 15
  m_Name: Clefairy
  m_TagString: Untagged
  m_Icon: {fileID: 0}
  m_NavMeshLayer: 0
  m_StaticEditorFlags: 0
  m_IsActive: 1
--- !u!4 &4417828561969680298
Transform:
  m_ObjectHideFlags: 0
  m_CorrespondingSourceObject: {fileID: 0}
  m_PrefabInstance: {fileID: 0}
  m_PrefabAsset: {fileID: 0}
  m_GameObject: {fileID: 6009865536884186027}
  m_LocalRotation: {x: 0, y: 0, z: 0, w: 1}
  m_LocalPosition: {x: 0, y: 0, z: 0}
  m_LocalScale: {x: 1, y: 1, z: 1}
  m_Children:
  - {fileID: 3046311846837180159}
  m_Father: {fileID: 0}
  m_RootOrder: 0
  m_LocalEulerAnglesHint: {x: 0, y: 0, z: 0}
--- !u!136 &8441525744160909729
CapsuleCollider:
  m_ObjectHideFlags: 0
  m_CorrespondingSourceObject: {fileID: 0}
  m_PrefabInstance: {fileID: 0}
  m_PrefabAsset: {fileID: 0}
  m_GameObject: {fileID: 6009865536884186027}
  m_Material: {fileID: 13400000, guid: c2815a7ab32e42c4bb42f59caacb8ec1, type: 2}
  m_IsTrigger: 0
  m_Enabled: 1
  m_Radius: 0.4
  m_Height: 0
  m_Direction: 1
  m_Center: {x: 0, y: 0.4, z: -0.1}
--- !u!54 &2576196781467072292
Rigidbody:
  m_ObjectHideFlags: 0
  m_CorrespondingSourceObject: {fileID: 0}
  m_PrefabInstance: {fileID: 0}
  m_PrefabAsset: {fileID: 0}
  m_GameObject: {fileID: 6009865536884186027}
  serializedVersion: 2
  m_Mass: 1
  m_Drag: 0.4
  m_AngularDrag: 0
  m_UseGravity: 1
  m_IsKinematic: 0
  m_Interpolate: 0
  m_Constraints: 112
  m_CollisionDetection: 0
--- !u!114 &5522198076951413772
MonoBehaviour:
  m_ObjectHideFlags: 0
  m_CorrespondingSourceObject: {fileID: 0}
  m_PrefabInstance: {fileID: 0}
  m_PrefabAsset: {fileID: 0}
  m_GameObject: {fileID: 6009865536884186027}
  m_Enabled: 1
  m_EditorHideFlags: 0
  m_Script: {fileID: 11500000, guid: f470f4d3f675b9d4f8a0e21a856fc913, type: 3}
  m_Name: 
  m_EditorClassIdentifier: 
--- !u!114 &288818831791960257
MonoBehaviour:
  m_ObjectHideFlags: 0
  m_CorrespondingSourceObject: {fileID: 0}
  m_PrefabInstance: {fileID: 0}
  m_PrefabAsset: {fileID: 0}
  m_GameObject: {fileID: 6009865536884186027}
  m_Enabled: 1
  m_EditorHideFlags: 0
  m_Script: {fileID: 11500000, guid: 1aa395343a6de9c4caefcc5c2f9f89b3, type: 3}
  m_Name: 
  m_EditorClassIdentifier: 
--- !u!114 &6615828398056583986
MonoBehaviour:
  m_ObjectHideFlags: 0
  m_CorrespondingSourceObject: {fileID: 0}
  m_PrefabInstance: {fileID: 0}
  m_PrefabAsset: {fileID: 0}
  m_GameObject: {fileID: 6009865536884186027}
  m_Enabled: 1
  m_EditorHideFlags: 0
  m_Script: {fileID: 11500000, guid: e1c72a442599b2f49b9f471be7b41624, type: 3}
  m_Name: 
  m_EditorClassIdentifier: 
--- !u!114 &3257660143787853051
MonoBehaviour:
  m_ObjectHideFlags: 0
  m_CorrespondingSourceObject: {fileID: 0}
  m_PrefabInstance: {fileID: 0}
  m_PrefabAsset: {fileID: 0}
  m_GameObject: {fileID: 6009865536884186027}
  m_Enabled: 1
  m_EditorHideFlags: 0
  m_Script: {fileID: 11500000, guid: 8a6f186a7b864354e8aca530d415879e, type: 3}
  m_Name: 
  m_EditorClassIdentifier: 
  maxWalkSpeed: 3
  turnSmoothing: 15
  runSpeedMultiplier: 1.5
  airControl: 0.2
  flyWhenWalking: 0
  flyWhenRunning: 0
  alwaysVisible: 0
  head: {fileID: 8385589656163631897}
  headInteractPoint: {x: -0.51, y: 0, z: 0.05}
  headOffset: -0
  lookAtPlayer: 0
  eyes: {fileID: 5435587362946783063}
  mouth: {fileID: 2292657228679142248}
  effects: {fileID: 11400000, guid: 258dd79d9fedd994e8dfb481f6aca5dc, type: 2}
  handleAnimation: 1
  dungeonScale: 1
  animationClips:
  - {fileID: 7400000, guid: d55528c53a1502f41a20d0d1c1222b07, type: 2}
  - {fileID: 7400000, guid: a398dd4ee002aa24fa79c69ad2399831, type: 2}
  - {fileID: 7400000, guid: 42a80c13ebd9fe54492d47277609b5c9, type: 2}
  - {fileID: 7400000, guid: aebc3612c03a0e74dba7f0a47807758f, type: 2}
  - {fileID: 7400000, guid: a8edb5a95ef33224a92adaebf51eac99, type: 2}
  - {fileID: 7400000, guid: a935d87d2f7a17540b65ebded01dfe0b, type: 2}
  - {fileID: 7400000, guid: 1f88c529e499e52408f70770b5180a5f, type: 2}
  - {fileID: 7400000, guid: e6c39869b483d954ab65f14fb4f89573, type: 2}
  - {fileID: 7400000, guid: a5a4ed290cfd7af439a27ccca4c28ab3, type: 2}
  - {fileID: 7400000, guid: 981c1b74ba655174ea56dffb8dc71289, type: 2}
  - {fileID: 7400000, guid: aed1d71e9d41e4a4aab7e50ac26eea4c, type: 2}
  - {fileID: 7400000, guid: b1d7864edaf50b94f9665b7fdfe62881, type: 2}
  - {fileID: 7400000, guid: 43ae4fdd6b0406548866a7b3a85163fd, type: 2}
  - {fileID: 7400000, guid: 7d1af0fe07716a84eba866b768400942, type: 2}
  - {fileID: 7400000, guid: f76cf5c8c1024ae4ba9c0d2d664fafdf, type: 2}
  - {fileID: 7400000, guid: 887bea0e2ef0347419e0a2f04a6a2d4d, type: 2}
  - {fileID: 7400000, guid: cabe90d6f8ccbfb4fbe17fb549da5d4e, type: 2}
  - {fileID: 7400000, guid: f0d1e39be53585141a33029145f6d3e2, type: 2}
  - {fileID: 7400000, guid: 46fad48dc8f4b7142b74014705480466, type: 2}
  - {fileID: 7400000, guid: d0bf65dccc005bf42b6a18de85283ac3, type: 2}
  - {fileID: 7400000, guid: 7a45682da9f411d43ac0e1960633c5d5, type: 2}
  - {fileID: 7400000, guid: c56b914a233428a4ea740e7d0ab3a728, type: 2}
  - {fileID: 7400000, guid: e41bb2fec5590db4aaf1ec98acae28f9, type: 2}
  - {fileID: 7400000, guid: 61ee639480d5a8749ad0e8cdab7296d8, type: 2}
--- !u!1 &6410221950130836630
GameObject:
  m_ObjectHideFlags: 0
  m_CorrespondingSourceObject: {fileID: 0}
  m_PrefabInstance: {fileID: 0}
  m_PrefabAsset: {fileID: 0}
  serializedVersion: 6
  m_Component:
  - component: {fileID: 8229474347652545859}
  m_Layer: 0
  m_Name: pm0035_00_Skin
  m_TagString: Untagged
  m_Icon: {fileID: 0}
  m_NavMeshLayer: 0
  m_StaticEditorFlags: 0
  m_IsActive: 1
--- !u!4 &8229474347652545859
Transform:
  m_ObjectHideFlags: 0
  m_CorrespondingSourceObject: {fileID: 0}
  m_PrefabInstance: {fileID: 0}
  m_PrefabAsset: {fileID: 0}
  m_GameObject: {fileID: 6410221950130836630}
  m_LocalRotation: {x: 0, y: -0, z: -0, w: 1}
  m_LocalPosition: {x: -0, y: 0, z: 0}
  m_LocalScale: {x: 1, y: 1, z: 1}
  m_Children: []
  m_Father: {fileID: 1694665463322434881}
  m_RootOrder: 1
  m_LocalEulerAnglesHint: {x: 0, y: 0, z: 0}
--- !u!1 &6785167484731010515
GameObject:
  m_ObjectHideFlags: 0
  m_CorrespondingSourceObject: {fileID: 0}
  m_PrefabInstance: {fileID: 0}
  m_PrefabAsset: {fileID: 0}
  serializedVersion: 6
  m_Component:
  - component: {fileID: 3046311846837180159}
  - component: {fileID: 143468570630325438}
  m_Layer: 0
  m_Name: Clefairy
  m_TagString: Untagged
  m_Icon: {fileID: 0}
  m_NavMeshLayer: 0
  m_StaticEditorFlags: 0
  m_IsActive: 1
--- !u!4 &3046311846837180159
Transform:
  m_ObjectHideFlags: 0
  m_CorrespondingSourceObject: {fileID: 0}
  m_PrefabInstance: {fileID: 0}
  m_PrefabAsset: {fileID: 0}
  m_GameObject: {fileID: 6785167484731010515}
  m_LocalRotation: {x: -0, y: -0, z: -0, w: 1}
  m_LocalPosition: {x: 0, y: 0, z: 0}
  m_LocalScale: {x: 1, y: 1, z: 1}
  m_Children:
  - {fileID: 2042887443683099407}
  - {fileID: 6107410334051656157}
  - {fileID: 1498447052155421736}
  - {fileID: 2865850255615852831}
  - {fileID: 1694665463322434881}
  - {fileID: 6830599627051252308}
  m_Father: {fileID: 4417828561969680298}
  m_RootOrder: 0
  m_LocalEulerAnglesHint: {x: 0, y: 0, z: 0}
--- !u!95 &143468570630325438
Animator:
  serializedVersion: 3
  m_ObjectHideFlags: 0
  m_CorrespondingSourceObject: {fileID: 0}
  m_PrefabInstance: {fileID: 0}
  m_PrefabAsset: {fileID: 0}
  m_GameObject: {fileID: 6785167484731010515}
  m_Enabled: 1
  m_Avatar: {fileID: 0}
  m_Controller: {fileID: 9100000, guid: ba0064f1d45f88149aaad564e820a356, type: 2}
  m_CullingMode: 0
  m_UpdateMode: 0
  m_ApplyRootMotion: 0
  m_LinearVelocityBlending: 0
  m_WarningMessage: 
  m_HasTransformHierarchy: 1
  m_AllowConstantClipSamplingOptimization: 1
  m_KeepAnimatorControllerStateOnDisable: 0
--- !u!1 &6862993723190431787
GameObject:
  m_ObjectHideFlags: 0
  m_CorrespondingSourceObject: {fileID: 0}
  m_PrefabInstance: {fileID: 0}
  m_PrefabAsset: {fileID: 0}
  serializedVersion: 6
  m_Component:
  - component: {fileID: 2060956506308789932}
  m_Layer: 0
  m_Name: LShoulder
  m_TagString: Untagged
  m_Icon: {fileID: 0}
  m_NavMeshLayer: 0
  m_StaticEditorFlags: 0
  m_IsActive: 1
--- !u!4 &2060956506308789932
Transform:
  m_ObjectHideFlags: 0
  m_CorrespondingSourceObject: {fileID: 0}
  m_PrefabInstance: {fileID: 0}
  m_PrefabAsset: {fileID: 0}
  m_GameObject: {fileID: 6862993723190431787}
  m_LocalRotation: {x: -0.32443807, y: 0.29521573, z: 0.6282833, w: 0.6425323}
  m_LocalPosition: {x: -0.090281874, y: -0.13499999, z: 0.040952876}
  m_LocalScale: {x: 1, y: 1, z: 1}
  m_Children:
  - {fileID: 7086270555520557766}
  m_Father: {fileID: 8385589656163631897}
  m_RootOrder: 3
  m_LocalEulerAnglesHint: {x: 0, y: 0, z: 0}
--- !u!1 &7116837152483248171
GameObject:
  m_ObjectHideFlags: 0
  m_CorrespondingSourceObject: {fileID: 0}
  m_PrefabInstance: {fileID: 0}
  m_PrefabAsset: {fileID: 0}
  serializedVersion: 6
  m_Component:
  - component: {fileID: 8542470622525991942}
  m_Layer: 0
  m_Name: Curl
  m_TagString: Untagged
  m_Icon: {fileID: 0}
  m_NavMeshLayer: 0
  m_StaticEditorFlags: 0
  m_IsActive: 1
--- !u!4 &8542470622525991942
Transform:
  m_ObjectHideFlags: 0
  m_CorrespondingSourceObject: {fileID: 0}
  m_PrefabInstance: {fileID: 0}
  m_PrefabAsset: {fileID: 0}
  m_GameObject: {fileID: 7116837152483248171}
  m_LocalRotation: {x: 0, y: 0.49461907, z: -0, w: 0.86910987}
  m_LocalPosition: {x: -0.2870503, y: 0.00000033, z: 0.14243889}
  m_LocalScale: {x: 1, y: 1, z: 1}
  m_Children: []
  m_Father: {fileID: 8385589656163631897}
  m_RootOrder: 0
  m_LocalEulerAnglesHint: {x: 0, y: 0, z: 0}
--- !u!1 &7893781437453203381
GameObject:
  m_ObjectHideFlags: 0
  m_CorrespondingSourceObject: {fileID: 0}
  m_PrefabInstance: {fileID: 0}
  m_PrefabAsset: {fileID: 0}
  serializedVersion: 6
  m_Component:
  - component: {fileID: 2541811031801717884}
  m_Layer: 0
  m_Name: LHand
  m_TagString: Untagged
  m_Icon: {fileID: 0}
  m_NavMeshLayer: 0
  m_StaticEditorFlags: 0
  m_IsActive: 1
--- !u!4 &2541811031801717884
Transform:
  m_ObjectHideFlags: 0
  m_CorrespondingSourceObject: {fileID: 0}
  m_PrefabInstance: {fileID: 0}
  m_PrefabAsset: {fileID: 0}
  m_GameObject: {fileID: 7893781437453203381}
  m_LocalRotation: {x: 0.00016572881, y: -0.0031244825, z: 0.000074016745, w: 0.9999951}
  m_LocalPosition: {x: -0.049691226, y: 0, z: 0}
  m_LocalScale: {x: 1, y: 1, z: 1}
  m_Children:
  - {fileID: 4055638229987426314}
  - {fileID: 8163671055161197793}
  - {fileID: 4174907495235774828}
  m_Father: {fileID: 710274576792858585}
  m_RootOrder: 0
  m_LocalEulerAnglesHint: {x: 0, y: 0, z: 0}
--- !u!1 &8349980752945363543
GameObject:
  m_ObjectHideFlags: 0
  m_CorrespondingSourceObject: {fileID: 0}
  m_PrefabInstance: {fileID: 0}
  m_PrefabAsset: {fileID: 0}
  serializedVersion: 6
  m_Component:
  - component: {fileID: 8007062408899171579}
  m_Layer: 0
  m_Name: RArm
  m_TagString: Untagged
  m_Icon: {fileID: 0}
  m_NavMeshLayer: 0
  m_StaticEditorFlags: 0
  m_IsActive: 1
--- !u!4 &8007062408899171579
Transform:
  m_ObjectHideFlags: 0
  m_CorrespondingSourceObject: {fileID: 0}
  m_PrefabInstance: {fileID: 0}
  m_PrefabAsset: {fileID: 0}
  m_GameObject: {fileID: 8349980752945363543}
  m_LocalRotation: {x: -0.3849098, y: -0.0611122, z: -0.08143093, w: 0.9173215}
  m_LocalPosition: {x: -0.10096289, y: 0, z: -0.00000051}
  m_LocalScale: {x: 1, y: 1, z: 1}
  m_Children:
  - {fileID: 7430706705770809909}
  m_Father: {fileID: 8162023400198036811}
  m_RootOrder: 0
  m_LocalEulerAnglesHint: {x: 0, y: 0, z: 0}
--- !u!1 &8740975286189210380
GameObject:
  m_ObjectHideFlags: 0
  m_CorrespondingSourceObject: {fileID: 0}
  m_PrefabInstance: {fileID: 0}
  m_PrefabAsset: {fileID: 0}
  serializedVersion: 6
  m_Component:
  - component: {fileID: 6652949654632685197}
  m_Layer: 0
  m_Name: LFoot
  m_TagString: Untagged
  m_Icon: {fileID: 0}
  m_NavMeshLayer: 0
  m_StaticEditorFlags: 0
  m_IsActive: 1
--- !u!4 &6652949654632685197
Transform:
  m_ObjectHideFlags: 0
  m_CorrespondingSourceObject: {fileID: 0}
  m_PrefabInstance: {fileID: 0}
  m_PrefabAsset: {fileID: 0}
  m_GameObject: {fileID: 8740975286189210380}
  m_LocalRotation: {x: -0.00000007837114, y: 0.75058293, z: -0.00000007837114, w: 0.66077626}
  m_LocalPosition: {x: -0.052509807, y: 0, z: 0}
  m_LocalScale: {x: 1, y: 1, z: 1}
  m_Children:
  - {fileID: 214168822451983244}
  m_Father: {fileID: 2508119594144396178}
  m_RootOrder: 0
  m_LocalEulerAnglesHint: {x: 0, y: 0, z: 0}
