%YAML 1.1
%TAG !u! tag:unity3d.com,2011:
--- !u!1 &8857703629423636
GameObject:
  m_ObjectHideFlags: 0
  m_CorrespondingSourceObject: {fileID: 0}
  m_PrefabInstance: {fileID: 0}
  m_PrefabAsset: {fileID: 0}
  serializedVersion: 6
  m_Component:
  - component: {fileID: 881718291756701216}
  m_Layer: 0
  m_Name: RShoulder
  m_TagString: Untagged
  m_Icon: {fileID: 0}
  m_NavMeshLayer: 0
  m_StaticEditorFlags: 0
  m_IsActive: 1
--- !u!4 &881718291756701216
Transform:
  m_ObjectHideFlags: 0
  m_CorrespondingSourceObject: {fileID: 0}
  m_PrefabInstance: {fileID: 0}
  m_PrefabAsset: {fileID: 0}
  m_GameObject: {fileID: 8857703629423636}
  m_LocalRotation: {x: 0.31814793, y: 0.22739299, z: -0.5373188, w: 0.7472368}
  m_LocalPosition: {x: -0.0322347, y: 0.0353605, z: 0.01345999}
  m_LocalScale: {x: 1, y: 1, z: 1}
  m_Children:
  - {fileID: 8856813991630560845}
  m_Father: {fileID: 871635759120856430}
  m_RootOrder: 2
  m_LocalEulerAnglesHint: {x: 0, y: 0, z: 0}
--- !u!1 &56071881674973785
GameObject:
  m_ObjectHideFlags: 0
  m_CorrespondingSourceObject: {fileID: 0}
  m_PrefabInstance: {fileID: 0}
  m_PrefabAsset: {fileID: 0}
  serializedVersion: 6
  m_Component:
  - component: {fileID: 6024036661237801446}
  m_Layer: 0
  m_Name: LShoulder
  m_TagString: Untagged
  m_Icon: {fileID: 0}
  m_NavMeshLayer: 0
  m_StaticEditorFlags: 0
  m_IsActive: 1
--- !u!4 &6024036661237801446
Transform:
  m_ObjectHideFlags: 0
  m_CorrespondingSourceObject: {fileID: 0}
  m_PrefabInstance: {fileID: 0}
  m_PrefabAsset: {fileID: 0}
  m_GameObject: {fileID: 56071881674973785}
  m_LocalRotation: {x: -0.31814793, y: 0.22739299, z: 0.5373188, w: 0.7472368}
  m_LocalPosition: {x: -0.03223436, y: -0.03536047, z: 0.01346002}
  m_LocalScale: {x: 1, y: 1, z: 1}
  m_Children:
  - {fileID: 3316789574623220732}
  m_Father: {fileID: 871635759120856430}
  m_RootOrder: 1
  m_LocalEulerAnglesHint: {x: 0, y: 0, z: 0}
--- !u!1 &57834872347072729
GameObject:
  m_ObjectHideFlags: 0
  m_CorrespondingSourceObject: {fileID: 0}
  m_PrefabInstance: {fileID: 0}
  m_PrefabAsset: {fileID: 0}
  serializedVersion: 6
  m_Component:
  - component: {fileID: 2010776098634589879}
  m_Layer: 0
  m_Name: pm0025_00_BodySkin
  m_TagString: Untagged
  m_Icon: {fileID: 0}
  m_NavMeshLayer: 0
  m_StaticEditorFlags: 0
  m_IsActive: 1
--- !u!4 &2010776098634589879
Transform:
  m_ObjectHideFlags: 0
  m_CorrespondingSourceObject: {fileID: 0}
  m_PrefabInstance: {fileID: 0}
  m_PrefabAsset: {fileID: 0}
  m_GameObject: {fileID: 57834872347072729}
  m_LocalRotation: {x: 0, y: -0, z: -0, w: 1}
  m_LocalPosition: {x: -0, y: 0, z: 0}
  m_LocalScale: {x: 1, y: 1, z: 1}
  m_Children: []
  m_Father: {fileID: 1373173904476177310}
  m_RootOrder: 1
  m_LocalEulerAnglesHint: {x: 0, y: 0, z: 0}
--- !u!1 &135536314856554532
GameObject:
  m_ObjectHideFlags: 0
  m_CorrespondingSourceObject: {fileID: 0}
  m_PrefabInstance: {fileID: 0}
  m_PrefabAsset: {fileID: 0}
  serializedVersion: 6
  m_Component:
  - component: {fileID: 871635759120856430}
  m_Layer: 0
  m_Name: Spine2
  m_TagString: Untagged
  m_Icon: {fileID: 0}
  m_NavMeshLayer: 0
  m_StaticEditorFlags: 0
  m_IsActive: 1
--- !u!4 &871635759120856430
Transform:
  m_ObjectHideFlags: 0
  m_CorrespondingSourceObject: {fileID: 0}
  m_PrefabInstance: {fileID: 0}
  m_PrefabAsset: {fileID: 0}
  m_GameObject: {fileID: 135536314856554532}
  m_LocalRotation: {x: 0, y: 0.07636658, z: -0, w: 0.99707985}
  m_LocalPosition: {x: -0.05551376, y: 0, z: 0}
  m_LocalScale: {x: 1, y: 1, z: 1}
  m_Children:
  - {fileID: 8991110894691474187}
  - {fileID: 6024036661237801446}
  - {fileID: 881718291756701216}
  m_Father: {fileID: 291793550209227333}
  m_RootOrder: 0
  m_LocalEulerAnglesHint: {x: 0, y: 0, z: 0}
--- !u!1 &158806371177409254
GameObject:
  m_ObjectHideFlags: 0
  m_CorrespondingSourceObject: {fileID: 0}
  m_PrefabInstance: {fileID: 0}
  m_PrefabAsset: {fileID: 0}
  serializedVersion: 6
  m_Component:
  - component: {fileID: 8814246142029141172}
  - component: {fileID: 3574423449336264191}
  m_Layer: 0
  m_Name: BodyAVco_OptMesh_6_0_node
  m_TagString: Untagged
  m_Icon: {fileID: 0}
  m_NavMeshLayer: 0
  m_StaticEditorFlags: 0
  m_IsActive: 1
--- !u!4 &8814246142029141172
Transform:
  m_ObjectHideFlags: 0
  m_CorrespondingSourceObject: {fileID: 0}
  m_PrefabInstance: {fileID: 0}
  m_PrefabAsset: {fileID: 0}
  m_GameObject: {fileID: 158806371177409254}
  m_LocalRotation: {x: 0, y: -0, z: -0, w: 1}
  m_LocalPosition: {x: -0, y: 0, z: 0}
  m_LocalScale: {x: 1, y: 1, z: 1}
  m_Children: []
  m_Father: {fileID: 381180999202969235}
  m_RootOrder: 2
  m_LocalEulerAnglesHint: {x: 0, y: 0, z: 0}
--- !u!137 &3574423449336264191
SkinnedMeshRenderer:
  m_ObjectHideFlags: 0
  m_CorrespondingSourceObject: {fileID: 0}
  m_PrefabInstance: {fileID: 0}
  m_PrefabAsset: {fileID: 0}
  m_GameObject: {fileID: 158806371177409254}
  m_Enabled: 1
  m_CastShadows: 1
  m_ReceiveShadows: 1
  m_DynamicOccludee: 1
  m_MotionVectors: 1
  m_LightProbeUsage: 1
  m_ReflectionProbeUsage: 1
  m_RayTracingMode: 0
  m_RenderingLayerMask: 1
  m_RendererPriority: 0
  m_Materials:
  - {fileID: 2100000, guid: aafd2bd83a0f3664fbc9a395cdbd5887, type: 2}
  m_StaticBatchInfo:
    firstSubMesh: 0
    subMeshCount: 0
  m_StaticBatchRoot: {fileID: 0}
  m_ProbeAnchor: {fileID: 0}
  m_LightProbeVolumeOverride: {fileID: 0}
  m_ScaleInLightmap: 1
  m_ReceiveGI: 1
  m_PreserveUVs: 0
  m_IgnoreNormalsForChartDetection: 0
  m_ImportantGI: 0
  m_StitchLightmapSeams: 1
  m_SelectedEditorRenderState: 3
  m_MinimumChartSize: 4
  m_AutoUVMaxDistance: 0.5
  m_AutoUVMaxAngle: 89
  m_LightmapParameters: {fileID: 0}
  m_SortingLayerID: 0
  m_SortingLayer: 0
  m_SortingOrder: 0
  serializedVersion: 2
  m_Quality: 0
  m_UpdateWhenOffscreen: 1
  m_SkinnedMotionVectors: 1
  m_Mesh: {fileID: -6213675040501357944, guid: af94158c2a0215945b499d5b59931b52, type: 3}
  m_Bones:
  - {fileID: 1373173904476177310}
  - {fileID: 2029137192224075502}
  - {fileID: 8968466160000421578}
  - {fileID: 291793550209227333}
  - {fileID: 871635759120856430}
  - {fileID: 8991110894691474187}
  - {fileID: 3547981406863786469}
  - {fileID: 4957115255351105242}
  - {fileID: 3425073582467364075}
  - {fileID: 4945440646310491523}
  - {fileID: 8367423199617539452}
  - {fileID: 7975337043236048221}
  - {fileID: 6024036661237801446}
  - {fileID: 3316789574623220732}
  - {fileID: 6894630722221581094}
  - {fileID: 8292575104573485640}
  - {fileID: 881718291756701216}
  - {fileID: 8856813991630560845}
  - {fileID: 6042425914868766042}
  - {fileID: 2622888280850398189}
  - {fileID: 6126936453990473162}
  - {fileID: 8847226982000616331}
  - {fileID: 7071316978282107687}
  - {fileID: 3038834227643719016}
  - {fileID: 7131330037683763209}
  - {fileID: 5070445267457071401}
  - {fileID: 3900025235005318194}
  - {fileID: 8865643163494584475}
  - {fileID: 486266471700081475}
  - {fileID: 810456422243525701}
  - {fileID: 6220363453787381081}
  - {fileID: 1325709676018839981}
  - {fileID: 8400911834483366808}
  - {fileID: 2010776098634589879}
  - {fileID: 993221791137545892}
  - {fileID: 5848622700283262148}
  m_BlendShapeWeights: []
  m_RootBone: {fileID: 1373173904476177310}
  m_AABB:
    m_Center: {x: -0.00000003213063, y: 0.29573202, z: -0.18375984}
    m_Extent: {x: 0.0050000204, y: 0.20688456, z: 0.13812241}
  m_DirtyAABB: 0
--- !u!1 &167930642966494014
GameObject:
  m_ObjectHideFlags: 0
  m_CorrespondingSourceObject: {fileID: 0}
  m_PrefabInstance: {fileID: 0}
  m_PrefabAsset: {fileID: 0}
  serializedVersion: 6
  m_Component:
  - component: {fileID: 3316789574623220732}
  m_Layer: 0
  m_Name: LArm
  m_TagString: Untagged
  m_Icon: {fileID: 0}
  m_NavMeshLayer: 0
  m_StaticEditorFlags: 0
  m_IsActive: 1
--- !u!4 &3316789574623220732
Transform:
  m_ObjectHideFlags: 0
  m_CorrespondingSourceObject: {fileID: 0}
  m_PrefabInstance: {fileID: 0}
  m_PrefabAsset: {fileID: 0}
  m_GameObject: {fileID: 167930642966494014}
  m_LocalRotation: {x: 0.19335698, y: 0.031331684, z: -0.09129247, w: 0.9763694}
  m_LocalPosition: {x: -0.05118752, y: 0, z: 0}
  m_LocalScale: {x: 1, y: 1, z: 1}
  m_Children:
  - {fileID: 6894630722221581094}
  m_Father: {fileID: 6024036661237801446}
  m_RootOrder: 0
  m_LocalEulerAnglesHint: {x: 0, y: 0, z: 0}
--- !u!1 &246688525388539095
GameObject:
  m_ObjectHideFlags: 0
  m_CorrespondingSourceObject: {fileID: 0}
  m_PrefabInstance: {fileID: 0}
  m_PrefabAsset: {fileID: 0}
  serializedVersion: 6
  m_Component:
  - component: {fileID: 7071316978282107687}
  m_Layer: 0
  m_Name: LLeg
  m_TagString: Untagged
  m_Icon: {fileID: 0}
  m_NavMeshLayer: 0
  m_StaticEditorFlags: 0
  m_IsActive: 1
--- !u!4 &7071316978282107687
Transform:
  m_ObjectHideFlags: 0
  m_CorrespondingSourceObject: {fileID: 0}
  m_PrefabInstance: {fileID: 0}
  m_PrefabAsset: {fileID: 0}
  m_GameObject: {fileID: 246688525388539095}
  m_LocalRotation: {x: 0, y: -0.68315774, z: -0, w: 0.73027086}
  m_LocalPosition: {x: -0.06265954, y: 0, z: 0}
  m_LocalScale: {x: 1, y: 1, z: 1}
  m_Children:
  - {fileID: 3038834227643719016}
  m_Father: {fileID: 8847226982000616331}
  m_RootOrder: 0
  m_LocalEulerAnglesHint: {x: 0, y: 0, z: 0}
--- !u!1 &406881098569817249
GameObject:
  m_ObjectHideFlags: 0
  m_CorrespondingSourceObject: {fileID: 0}
  m_PrefabInstance: {fileID: 0}
  m_PrefabAsset: {fileID: 0}
  serializedVersion: 6
  m_Component:
  - component: {fileID: 4957115255351105242}
  m_Layer: 0
  m_Name: LEar2
  m_TagString: Untagged
  m_Icon: {fileID: 0}
  m_NavMeshLayer: 0
  m_StaticEditorFlags: 0
  m_IsActive: 1
--- !u!4 &4957115255351105242
Transform:
  m_ObjectHideFlags: 0
  m_CorrespondingSourceObject: {fileID: 0}
  m_PrefabInstance: {fileID: 0}
  m_PrefabAsset: {fileID: 0}
  m_GameObject: {fileID: 406881098569817249}
  m_LocalRotation: {x: 0, y: -0, z: -0, w: 1}
  m_LocalPosition: {x: -0.05333, y: 0, z: 0}
  m_LocalScale: {x: 1, y: 1, z: 1}
  m_Children:
  - {fileID: 3425073582467364075}
  m_Father: {fileID: 3547981406863786469}
  m_RootOrder: 0
  m_LocalEulerAnglesHint: {x: 0, y: 0, z: 0}
--- !u!1 &464275713262065288
GameObject:
  m_ObjectHideFlags: 0
  m_CorrespondingSourceObject: {fileID: 0}
  m_PrefabInstance: {fileID: 0}
  m_PrefabAsset: {fileID: 0}
  serializedVersion: 6
  m_Component:
  - component: {fileID: 3513702020343974369}
  - component: {fileID: 923838882784449109}
  m_Layer: 0
  m_Name: LEye_OptMesh_3_0_node
  m_TagString: Untagged
  m_Icon: {fileID: 0}
  m_NavMeshLayer: 0
  m_StaticEditorFlags: 0
  m_IsActive: 1
--- !u!4 &3513702020343974369
Transform:
  m_ObjectHideFlags: 0
  m_CorrespondingSourceObject: {fileID: 0}
  m_PrefabInstance: {fileID: 0}
  m_PrefabAsset: {fileID: 0}
  m_GameObject: {fileID: 464275713262065288}
  m_LocalRotation: {x: 0, y: -0, z: -0, w: 1}
  m_LocalPosition: {x: -0, y: 0, z: 0}
  m_LocalScale: {x: 1, y: 1, z: 1}
  m_Children: []
  m_Father: {fileID: 381180999202969235}
  m_RootOrder: 4
  m_LocalEulerAnglesHint: {x: 0, y: 0, z: 0}
--- !u!137 &923838882784449109
SkinnedMeshRenderer:
  m_ObjectHideFlags: 0
  m_CorrespondingSourceObject: {fileID: 0}
  m_PrefabInstance: {fileID: 0}
  m_PrefabAsset: {fileID: 0}
  m_GameObject: {fileID: 464275713262065288}
  m_Enabled: 1
  m_CastShadows: 1
  m_ReceiveShadows: 1
  m_DynamicOccludee: 1
  m_MotionVectors: 1
  m_LightProbeUsage: 1
  m_ReflectionProbeUsage: 1
  m_RayTracingMode: 0
  m_RenderingLayerMask: 1
  m_RendererPriority: 0
  m_Materials:
  - {fileID: 2100000, guid: 88fd1a021cef3ac4290188da09be28b2, type: 2}
  m_StaticBatchInfo:
    firstSubMesh: 0
    subMeshCount: 0
  m_StaticBatchRoot: {fileID: 0}
  m_ProbeAnchor: {fileID: 0}
  m_LightProbeVolumeOverride: {fileID: 0}
  m_ScaleInLightmap: 1
  m_ReceiveGI: 1
  m_PreserveUVs: 0
  m_IgnoreNormalsForChartDetection: 0
  m_ImportantGI: 0
  m_StitchLightmapSeams: 1
  m_SelectedEditorRenderState: 3
  m_MinimumChartSize: 4
  m_AutoUVMaxDistance: 0.5
  m_AutoUVMaxAngle: 89
  m_LightmapParameters: {fileID: 0}
  m_SortingLayerID: 0
  m_SortingLayer: 0
  m_SortingOrder: 0
  serializedVersion: 2
  m_Quality: 0
  m_UpdateWhenOffscreen: 1
  m_SkinnedMotionVectors: 1
  m_Mesh: {fileID: 6774585056353432412, guid: af94158c2a0215945b499d5b59931b52, type: 3}
  m_Bones:
  - {fileID: 1373173904476177310}
  - {fileID: 2029137192224075502}
  - {fileID: 8968466160000421578}
  - {fileID: 291793550209227333}
  - {fileID: 871635759120856430}
  - {fileID: 8991110894691474187}
  - {fileID: 3547981406863786469}
  - {fileID: 4957115255351105242}
  - {fileID: 3425073582467364075}
  - {fileID: 4945440646310491523}
  - {fileID: 8367423199617539452}
  - {fileID: 7975337043236048221}
  - {fileID: 6024036661237801446}
  - {fileID: 3316789574623220732}
  - {fileID: 6894630722221581094}
  - {fileID: 8292575104573485640}
  - {fileID: 881718291756701216}
  - {fileID: 8856813991630560845}
  - {fileID: 6042425914868766042}
  - {fileID: 2622888280850398189}
  - {fileID: 6126936453990473162}
  - {fileID: 8847226982000616331}
  - {fileID: 7071316978282107687}
  - {fileID: 3038834227643719016}
  - {fileID: 7131330037683763209}
  - {fileID: 5070445267457071401}
  - {fileID: 3900025235005318194}
  - {fileID: 8865643163494584475}
  - {fileID: 486266471700081475}
  - {fileID: 810456422243525701}
  - {fileID: 6220363453787381081}
  - {fileID: 1325709676018839981}
  - {fileID: 8400911834483366808}
  - {fileID: 2010776098634589879}
  - {fileID: 993221791137545892}
  - {fileID: 5848622700283262148}
  m_BlendShapeWeights: []
  m_RootBone: {fileID: 1373173904476177310}
  m_AABB:
    m_Center: {x: -0.051058125, y: 0.38875946, z: 0.0951676}
    m_Extent: {x: 0.026240613, y: 0.032240957, z: 0.028941803}
  m_DirtyAABB: 0
--- !u!1 &541868630980727631
GameObject:
  m_ObjectHideFlags: 0
  m_CorrespondingSourceObject: {fileID: 0}
  m_PrefabInstance: {fileID: 0}
  m_PrefabAsset: {fileID: 0}
  serializedVersion: 6
  m_Component:
  - component: {fileID: 381180999202969235}
  - component: {fileID: 5431447307957993540}
  m_Layer: 0
  m_Name: Pikachu
  m_TagString: Untagged
  m_Icon: {fileID: 0}
  m_NavMeshLayer: 0
  m_StaticEditorFlags: 0
  m_IsActive: 1
--- !u!4 &381180999202969235
Transform:
  m_ObjectHideFlags: 0
  m_CorrespondingSourceObject: {fileID: 0}
  m_PrefabInstance: {fileID: 0}
  m_PrefabAsset: {fileID: 0}
  m_GameObject: {fileID: 541868630980727631}
  m_LocalRotation: {x: -0, y: -0, z: -0, w: 1}
  m_LocalPosition: {x: 0, y: 0, z: 0}
  m_LocalScale: {x: 1.15, y: 1.15, z: 1.15}
  m_Children:
  - {fileID: 3405617738973748806}
  - {fileID: 7948735465591771783}
  - {fileID: 8814246142029141172}
  - {fileID: 8300823694006357247}
  - {fileID: 3513702020343974369}
  - {fileID: 7336428551153357104}
  - {fileID: 1373173904476177310}
  - {fileID: 3346926229368334322}
  m_Father: {fileID: 2827999336522167226}
  m_RootOrder: 0
  m_LocalEulerAnglesHint: {x: 0, y: 0, z: 0}
--- !u!95 &5431447307957993540
Animator:
  serializedVersion: 3
  m_ObjectHideFlags: 0
  m_CorrespondingSourceObject: {fileID: 0}
  m_PrefabInstance: {fileID: 0}
  m_PrefabAsset: {fileID: 0}
  m_GameObject: {fileID: 541868630980727631}
  m_Enabled: 1
  m_Avatar: {fileID: 0}
  m_Controller: {fileID: 9100000, guid: ba0064f1d45f88149aaad564e820a356, type: 2}
  m_CullingMode: 0
  m_UpdateMode: 0
  m_ApplyRootMotion: 0
  m_LinearVelocityBlending: 0
  m_WarningMessage: 
  m_HasTransformHierarchy: 1
  m_AllowConstantClipSamplingOptimization: 1
  m_KeepAnimatorControllerStateOnDisable: 0
--- !u!1 &696992049910589575
GameObject:
  m_ObjectHideFlags: 0
  m_CorrespondingSourceObject: {fileID: 0}
  m_PrefabInstance: {fileID: 0}
  m_PrefabAsset: {fileID: 0}
  serializedVersion: 6
  m_Component:
  - component: {fileID: 1373173904476177310}
  m_Layer: 0
  m_Name: pm0025_00_pikachu
  m_TagString: Untagged
  m_Icon: {fileID: 0}
  m_NavMeshLayer: 0
  m_StaticEditorFlags: 0
  m_IsActive: 1
--- !u!4 &1373173904476177310
Transform:
  m_ObjectHideFlags: 0
  m_CorrespondingSourceObject: {fileID: 0}
  m_PrefabInstance: {fileID: 0}
  m_PrefabAsset: {fileID: 0}
  m_GameObject: {fileID: 696992049910589575}
  m_LocalRotation: {x: 0, y: -0, z: -0, w: 1}
  m_LocalPosition: {x: -0, y: 0, z: 0}
  m_LocalScale: {x: 1, y: 1, z: 1}
  m_Children:
  - {fileID: 2029137192224075502}
  - {fileID: 2010776098634589879}
  - {fileID: 993221791137545892}
  m_Father: {fileID: 381180999202969235}
  m_RootOrder: 6
  m_LocalEulerAnglesHint: {x: 0, y: 0, z: 0}
--- !u!1 &1137497740536165842
GameObject:
  m_ObjectHideFlags: 0
  m_CorrespondingSourceObject: {fileID: 0}
  m_PrefabInstance: {fileID: 0}
  m_PrefabAsset: {fileID: 0}
  serializedVersion: 6
  m_Component:
  - component: {fileID: 8300823694006357247}
  - component: {fileID: 5677660019986459802}
  m_Layer: 0
  m_Name: BodyB_OptMesh_2_0_node
  m_TagString: Untagged
  m_Icon: {fileID: 0}
  m_NavMeshLayer: 0
  m_StaticEditorFlags: 0
  m_IsActive: 1
--- !u!4 &8300823694006357247
Transform:
  m_ObjectHideFlags: 0
  m_CorrespondingSourceObject: {fileID: 0}
  m_PrefabInstance: {fileID: 0}
  m_PrefabAsset: {fileID: 0}
  m_GameObject: {fileID: 1137497740536165842}
  m_LocalRotation: {x: 0, y: -0, z: -0, w: 1}
  m_LocalPosition: {x: -0, y: 0, z: 0}
  m_LocalScale: {x: 1, y: 1, z: 1}
  m_Children: []
  m_Father: {fileID: 381180999202969235}
  m_RootOrder: 3
  m_LocalEulerAnglesHint: {x: 0, y: 0, z: 0}
--- !u!137 &5677660019986459802
SkinnedMeshRenderer:
  m_ObjectHideFlags: 0
  m_CorrespondingSourceObject: {fileID: 0}
  m_PrefabInstance: {fileID: 0}
  m_PrefabAsset: {fileID: 0}
  m_GameObject: {fileID: 1137497740536165842}
  m_Enabled: 1
  m_CastShadows: 1
  m_ReceiveShadows: 1
  m_DynamicOccludee: 1
  m_MotionVectors: 1
  m_LightProbeUsage: 1
  m_ReflectionProbeUsage: 1
  m_RayTracingMode: 0
  m_RenderingLayerMask: 1
  m_RendererPriority: 0
  m_Materials:
  - {fileID: 2100000, guid: d4838797e301eb14096d1b041da4446b, type: 2}
  m_StaticBatchInfo:
    firstSubMesh: 0
    subMeshCount: 0
  m_StaticBatchRoot: {fileID: 0}
  m_ProbeAnchor: {fileID: 0}
  m_LightProbeVolumeOverride: {fileID: 0}
  m_ScaleInLightmap: 1
  m_ReceiveGI: 1
  m_PreserveUVs: 0
  m_IgnoreNormalsForChartDetection: 0
  m_ImportantGI: 0
  m_StitchLightmapSeams: 1
  m_SelectedEditorRenderState: 3
  m_MinimumChartSize: 4
  m_AutoUVMaxDistance: 0.5
  m_AutoUVMaxAngle: 89
  m_LightmapParameters: {fileID: 0}
  m_SortingLayerID: 0
  m_SortingLayer: 0
  m_SortingOrder: 0
  serializedVersion: 2
  m_Quality: 0
  m_UpdateWhenOffscreen: 1
  m_SkinnedMotionVectors: 1
  m_Mesh: {fileID: 6871022522552787788, guid: af94158c2a0215945b499d5b59931b52, type: 3}
  m_Bones:
  - {fileID: 1373173904476177310}
  - {fileID: 2029137192224075502}
  - {fileID: 8968466160000421578}
  - {fileID: 291793550209227333}
  - {fileID: 871635759120856430}
  - {fileID: 8991110894691474187}
  - {fileID: 3547981406863786469}
  - {fileID: 4957115255351105242}
  - {fileID: 3425073582467364075}
  - {fileID: 4945440646310491523}
  - {fileID: 8367423199617539452}
  - {fileID: 7975337043236048221}
  - {fileID: 6024036661237801446}
  - {fileID: 3316789574623220732}
  - {fileID: 6894630722221581094}
  - {fileID: 8292575104573485640}
  - {fileID: 881718291756701216}
  - {fileID: 8856813991630560845}
  - {fileID: 6042425914868766042}
  - {fileID: 2622888280850398189}
  - {fileID: 6126936453990473162}
  - {fileID: 8847226982000616331}
  - {fileID: 7071316978282107687}
  - {fileID: 3038834227643719016}
  - {fileID: 7131330037683763209}
  - {fileID: 5070445267457071401}
  - {fileID: 3900025235005318194}
  - {fileID: 8865643163494584475}
  - {fileID: 486266471700081475}
  - {fileID: 810456422243525701}
  - {fileID: 6220363453787381081}
  - {fileID: 1325709676018839981}
  - {fileID: 8400911834483366808}
  - {fileID: 2010776098634589879}
  - {fileID: 993221791137545892}
  - {fileID: 5848622700283262148}
  m_BlendShapeWeights: []
  m_RootBone: {fileID: 1373173904476177310}
  m_AABB:
    m_Center: {x: 0.000000007450581, y: 0.32907146, z: 0.08923385}
    m_Extent: {x: 0.1008147, y: 0.04274559, z: 0.041388385}
  m_DirtyAABB: 0
--- !u!1 &1794052424193863108
GameObject:
  m_ObjectHideFlags: 0
  m_CorrespondingSourceObject: {fileID: 0}
  m_PrefabInstance: {fileID: 0}
  m_PrefabAsset: {fileID: 0}
  serializedVersion: 6
  m_Component:
  - component: {fileID: 3346926229368334322}
  - component: {fileID: 627598634987331517}
  m_Layer: 0
  m_Name: REye_OptMesh_4_0_node
  m_TagString: Untagged
  m_Icon: {fileID: 0}
  m_NavMeshLayer: 0
  m_StaticEditorFlags: 0
  m_IsActive: 1
--- !u!4 &3346926229368334322
Transform:
  m_ObjectHideFlags: 0
  m_CorrespondingSourceObject: {fileID: 0}
  m_PrefabInstance: {fileID: 0}
  m_PrefabAsset: {fileID: 0}
  m_GameObject: {fileID: 1794052424193863108}
  m_LocalRotation: {x: 0, y: -0, z: -0, w: 1}
  m_LocalPosition: {x: -0, y: 0, z: 0}
  m_LocalScale: {x: 1, y: 1, z: 1}
  m_Children: []
  m_Father: {fileID: 381180999202969235}
  m_RootOrder: 7
  m_LocalEulerAnglesHint: {x: 0, y: 0, z: 0}
--- !u!137 &627598634987331517
SkinnedMeshRenderer:
  m_ObjectHideFlags: 0
  m_CorrespondingSourceObject: {fileID: 0}
  m_PrefabInstance: {fileID: 0}
  m_PrefabAsset: {fileID: 0}
  m_GameObject: {fileID: 1794052424193863108}
  m_Enabled: 1
  m_CastShadows: 1
  m_ReceiveShadows: 1
  m_DynamicOccludee: 1
  m_MotionVectors: 1
  m_LightProbeUsage: 1
  m_ReflectionProbeUsage: 1
  m_RayTracingMode: 0
  m_RenderingLayerMask: 1
  m_RendererPriority: 0
  m_Materials:
  - {fileID: 2100000, guid: 88fd1a021cef3ac4290188da09be28b2, type: 2}
  m_StaticBatchInfo:
    firstSubMesh: 0
    subMeshCount: 0
  m_StaticBatchRoot: {fileID: 0}
  m_ProbeAnchor: {fileID: 0}
  m_LightProbeVolumeOverride: {fileID: 0}
  m_ScaleInLightmap: 1
  m_ReceiveGI: 1
  m_PreserveUVs: 0
  m_IgnoreNormalsForChartDetection: 0
  m_ImportantGI: 0
  m_StitchLightmapSeams: 1
  m_SelectedEditorRenderState: 3
  m_MinimumChartSize: 4
  m_AutoUVMaxDistance: 0.5
  m_AutoUVMaxAngle: 89
  m_LightmapParameters: {fileID: 0}
  m_SortingLayerID: 0
  m_SortingLayer: 0
  m_SortingOrder: 0
  serializedVersion: 2
  m_Quality: 0
  m_UpdateWhenOffscreen: 1
  m_SkinnedMotionVectors: 1
  m_Mesh: {fileID: -5603144402397436837, guid: af94158c2a0215945b499d5b59931b52, type: 3}
  m_Bones:
  - {fileID: 1373173904476177310}
  - {fileID: 2029137192224075502}
  - {fileID: 8968466160000421578}
  - {fileID: 291793550209227333}
  - {fileID: 871635759120856430}
  - {fileID: 8991110894691474187}
  - {fileID: 3547981406863786469}
  - {fileID: 4957115255351105242}
  - {fileID: 3425073582467364075}
  - {fileID: 4945440646310491523}
  - {fileID: 8367423199617539452}
  - {fileID: 7975337043236048221}
  - {fileID: 6024036661237801446}
  - {fileID: 3316789574623220732}
  - {fileID: 6894630722221581094}
  - {fileID: 8292575104573485640}
  - {fileID: 881718291756701216}
  - {fileID: 8856813991630560845}
  - {fileID: 6042425914868766042}
  - {fileID: 2622888280850398189}
  - {fileID: 6126936453990473162}
  - {fileID: 8847226982000616331}
  - {fileID: 7071316978282107687}
  - {fileID: 3038834227643719016}
  - {fileID: 7131330037683763209}
  - {fileID: 5070445267457071401}
  - {fileID: 3900025235005318194}
  - {fileID: 8865643163494584475}
  - {fileID: 486266471700081475}
  - {fileID: 810456422243525701}
  - {fileID: 6220363453787381081}
  - {fileID: 1325709676018839981}
  - {fileID: 8400911834483366808}
  - {fileID: 2010776098634589879}
  - {fileID: 993221791137545892}
  - {fileID: 5848622700283262148}
  m_BlendShapeWeights: []
  m_RootBone: {fileID: 1373173904476177310}
  m_AABB:
    m_Center: {x: 0.051058117, y: 0.38875946, z: 0.0951676}
    m_Extent: {x: 0.026240606, y: 0.032240987, z: 0.028941818}
  m_DirtyAABB: 0
--- !u!1 &2250600880364253508
GameObject:
  m_ObjectHideFlags: 0
  m_CorrespondingSourceObject: {fileID: 0}
  m_PrefabInstance: {fileID: 0}
  m_PrefabAsset: {fileID: 0}
  serializedVersion: 6
  m_Component:
  - component: {fileID: 8856813991630560845}
  m_Layer: 0
  m_Name: RArm
  m_TagString: Untagged
  m_Icon: {fileID: 0}
  m_NavMeshLayer: 0
  m_StaticEditorFlags: 0
  m_IsActive: 1
--- !u!4 &8856813991630560845
Transform:
  m_ObjectHideFlags: 0
  m_CorrespondingSourceObject: {fileID: 0}
  m_PrefabInstance: {fileID: 0}
  m_PrefabAsset: {fileID: 0}
  m_GameObject: {fileID: 2250600880364253508}
  m_LocalRotation: {x: -0.19335698, y: 0.031331684, z: 0.09129247, w: 0.9763694}
  m_LocalPosition: {x: -0.05118738, y: 0.00000076999993, z: 0.00000014999999}
  m_LocalScale: {x: 1, y: 1, z: 1}
  m_Children:
  - {fileID: 6042425914868766042}
  m_Father: {fileID: 881718291756701216}
  m_RootOrder: 0
  m_LocalEulerAnglesHint: {x: 0, y: 0, z: 0}
--- !u!1 &2270685706664957335
GameObject:
  m_ObjectHideFlags: 0
  m_CorrespondingSourceObject: {fileID: 0}
  m_PrefabInstance: {fileID: 0}
  m_PrefabAsset: {fileID: 0}
  serializedVersion: 6
  m_Component:
  - component: {fileID: 3900025235005318194}
  m_Layer: 0
  m_Name: RLeg
  m_TagString: Untagged
  m_Icon: {fileID: 0}
  m_NavMeshLayer: 0
  m_StaticEditorFlags: 0
  m_IsActive: 1
--- !u!4 &3900025235005318194
Transform:
  m_ObjectHideFlags: 0
  m_CorrespondingSourceObject: {fileID: 0}
  m_PrefabInstance: {fileID: 0}
  m_PrefabAsset: {fileID: 0}
  m_GameObject: {fileID: 2270685706664957335}
  m_LocalRotation: {x: 0, y: -0.68315774, z: -0, w: 0.73027086}
  m_LocalPosition: {x: -0.0626597, y: -0.00000002, z: -0.00000004}
  m_LocalScale: {x: 1, y: 1, z: 1}
  m_Children:
  - {fileID: 8865643163494584475}
  m_Father: {fileID: 5070445267457071401}
  m_RootOrder: 0
  m_LocalEulerAnglesHint: {x: 0, y: 0, z: 0}
--- !u!1 &2274309148747975119
GameObject:
  m_ObjectHideFlags: 0
  m_CorrespondingSourceObject: {fileID: 0}
  m_PrefabInstance: {fileID: 0}
  m_PrefabAsset: {fileID: 0}
  serializedVersion: 6
  m_Component:
  - component: {fileID: 7336428551153357104}
  - component: {fileID: 5704024255936544461}
  m_Layer: 0
  m_Name: Mouth_OptMesh_5_0_node
  m_TagString: Untagged
  m_Icon: {fileID: 0}
  m_NavMeshLayer: 0
  m_StaticEditorFlags: 0
  m_IsActive: 1
--- !u!4 &7336428551153357104
Transform:
  m_ObjectHideFlags: 0
  m_CorrespondingSourceObject: {fileID: 0}
  m_PrefabInstance: {fileID: 0}
  m_PrefabAsset: {fileID: 0}
  m_GameObject: {fileID: 2274309148747975119}
  m_LocalRotation: {x: 0, y: -0, z: -0, w: 1}
  m_LocalPosition: {x: -0, y: 0, z: 0}
  m_LocalScale: {x: 1, y: 1, z: 1}
  m_Children: []
  m_Father: {fileID: 381180999202969235}
  m_RootOrder: 5
  m_LocalEulerAnglesHint: {x: 0, y: 0, z: 0}
--- !u!137 &5704024255936544461
SkinnedMeshRenderer:
  m_ObjectHideFlags: 0
  m_CorrespondingSourceObject: {fileID: 0}
  m_PrefabInstance: {fileID: 0}
  m_PrefabAsset: {fileID: 0}
  m_GameObject: {fileID: 2274309148747975119}
  m_Enabled: 1
  m_CastShadows: 1
  m_ReceiveShadows: 1
  m_DynamicOccludee: 1
  m_MotionVectors: 1
  m_LightProbeUsage: 1
  m_ReflectionProbeUsage: 1
  m_RayTracingMode: 0
  m_RenderingLayerMask: 1
  m_RendererPriority: 0
  m_Materials:
  - {fileID: 2100000, guid: 0433f554ca6212440963e43f6da06d6c, type: 2}
  m_StaticBatchInfo:
    firstSubMesh: 0
    subMeshCount: 0
  m_StaticBatchRoot: {fileID: 0}
  m_ProbeAnchor: {fileID: 0}
  m_LightProbeVolumeOverride: {fileID: 0}
  m_ScaleInLightmap: 1
  m_ReceiveGI: 1
  m_PreserveUVs: 0
  m_IgnoreNormalsForChartDetection: 0
  m_ImportantGI: 0
  m_StitchLightmapSeams: 1
  m_SelectedEditorRenderState: 3
  m_MinimumChartSize: 4
  m_AutoUVMaxDistance: 0.5
  m_AutoUVMaxAngle: 89
  m_LightmapParameters: {fileID: 0}
  m_SortingLayerID: 0
  m_SortingLayer: 0
  m_SortingOrder: 0
  serializedVersion: 2
  m_Quality: 0
  m_UpdateWhenOffscreen: 1
  m_SkinnedMotionVectors: 1
  m_Mesh: {fileID: 4421666121036111679, guid: af94158c2a0215945b499d5b59931b52, type: 3}
  m_Bones:
  - {fileID: 1373173904476177310}
  - {fileID: 2029137192224075502}
  - {fileID: 8968466160000421578}
  - {fileID: 291793550209227333}
  - {fileID: 871635759120856430}
  - {fileID: 8991110894691474187}
  - {fileID: 3547981406863786469}
  - {fileID: 4957115255351105242}
  - {fileID: 3425073582467364075}
  - {fileID: 4945440646310491523}
  - {fileID: 8367423199617539452}
  - {fileID: 7975337043236048221}
  - {fileID: 6024036661237801446}
  - {fileID: 3316789574623220732}
  - {fileID: 6894630722221581094}
  - {fileID: 8292575104573485640}
  - {fileID: 881718291756701216}
  - {fileID: 8856813991630560845}
  - {fileID: 6042425914868766042}
  - {fileID: 2622888280850398189}
  - {fileID: 6126936453990473162}
  - {fileID: 8847226982000616331}
  - {fileID: 7071316978282107687}
  - {fileID: 3038834227643719016}
  - {fileID: 7131330037683763209}
  - {fileID: 5070445267457071401}
  - {fileID: 3900025235005318194}
  - {fileID: 8865643163494584475}
  - {fileID: 486266471700081475}
  - {fileID: 810456422243525701}
  - {fileID: 6220363453787381081}
  - {fileID: 1325709676018839981}
  - {fileID: 8400911834483366808}
  - {fileID: 2010776098634589879}
  - {fileID: 993221791137545892}
  - {fileID: 5848622700283262148}
  m_BlendShapeWeights: []
  m_RootBone: {fileID: 1373173904476177310}
  m_AABB:
    m_Center: {x: 0, y: 0.337845, z: 0.1278286}
    m_Extent: {x: 0.058332108, y: 0.043331593, z: 0.028711736}
  m_DirtyAABB: 0
--- !u!1 &2319586474224234216
GameObject:
  m_ObjectHideFlags: 0
  m_CorrespondingSourceObject: {fileID: 0}
  m_PrefabInstance: {fileID: 0}
  m_PrefabAsset: {fileID: 0}
  serializedVersion: 6
  m_Component:
  - component: {fileID: 6894630722221581094}
  m_Layer: 0
  m_Name: LForeArm
  m_TagString: Untagged
  m_Icon: {fileID: 0}
  m_NavMeshLayer: 0
  m_StaticEditorFlags: 0
  m_IsActive: 1
--- !u!4 &6894630722221581094
Transform:
  m_ObjectHideFlags: 0
  m_CorrespondingSourceObject: {fileID: 0}
  m_PrefabInstance: {fileID: 0}
  m_PrefabAsset: {fileID: 0}
  m_GameObject: {fileID: 2319586474224234216}
  m_LocalRotation: {x: 0, y: -0, z: -0, w: 1}
  m_LocalPosition: {x: -0.054223817, y: 0, z: 0}
  m_LocalScale: {x: 1, y: 1, z: 1}
  m_Children:
  - {fileID: 8292575104573485640}
  m_Father: {fileID: 3316789574623220732}
  m_RootOrder: 0
  m_LocalEulerAnglesHint: {x: 0, y: 0, z: 0}
--- !u!1 &2456588678340340904
GameObject:
  m_ObjectHideFlags: 0
  m_CorrespondingSourceObject: {fileID: 0}
  m_PrefabInstance: {fileID: 0}
  m_PrefabAsset: {fileID: 0}
  serializedVersion: 6
  m_Component:
  - component: {fileID: 993221791137545892}
  m_Layer: 0
  m_Name: VriVis00
  m_TagString: Untagged
  m_Icon: {fileID: 0}
  m_NavMeshLayer: 0
  m_StaticEditorFlags: 0
  m_IsActive: 1
--- !u!4 &993221791137545892
Transform:
  m_ObjectHideFlags: 0
  m_CorrespondingSourceObject: {fileID: 0}
  m_PrefabInstance: {fileID: 0}
  m_PrefabAsset: {fileID: 0}
  m_GameObject: {fileID: 2456588678340340904}
  m_LocalRotation: {x: 0, y: -0, z: -0, w: 1}
  m_LocalPosition: {x: -0, y: 0, z: 0}
  m_LocalScale: {x: 1, y: 1, z: 1}
  m_Children:
  - {fileID: 5848622700283262148}
  m_Father: {fileID: 1373173904476177310}
  m_RootOrder: 2
  m_LocalEulerAnglesHint: {x: 0, y: 0, z: 0}
--- !u!1 &2559789717099390903
GameObject:
  m_ObjectHideFlags: 0
  m_CorrespondingSourceObject: {fileID: 0}
  m_PrefabInstance: {fileID: 0}
  m_PrefabAsset: {fileID: 0}
  serializedVersion: 6
  m_Component:
  - component: {fileID: 7948735465591771783}
  - component: {fileID: 2461446889335099018}
  m_Layer: 0
  m_Name: BodyA_OptMesh_1_0_node
  m_TagString: Untagged
  m_Icon: {fileID: 0}
  m_NavMeshLayer: 0
  m_StaticEditorFlags: 0
  m_IsActive: 1
--- !u!4 &7948735465591771783
Transform:
  m_ObjectHideFlags: 0
  m_CorrespondingSourceObject: {fileID: 0}
  m_PrefabInstance: {fileID: 0}
  m_PrefabAsset: {fileID: 0}
  m_GameObject: {fileID: 2559789717099390903}
  m_LocalRotation: {x: 0, y: -0, z: -0, w: 1}
  m_LocalPosition: {x: -0, y: 0, z: 0}
  m_LocalScale: {x: 1, y: 1, z: 1}
  m_Children: []
  m_Father: {fileID: 381180999202969235}
  m_RootOrder: 1
  m_LocalEulerAnglesHint: {x: 0, y: 0, z: 0}
--- !u!137 &2461446889335099018
SkinnedMeshRenderer:
  m_ObjectHideFlags: 0
  m_CorrespondingSourceObject: {fileID: 0}
  m_PrefabInstance: {fileID: 0}
  m_PrefabAsset: {fileID: 0}
  m_GameObject: {fileID: 2559789717099390903}
  m_Enabled: 1
  m_CastShadows: 1
  m_ReceiveShadows: 1
  m_DynamicOccludee: 1
  m_MotionVectors: 1
  m_LightProbeUsage: 1
  m_ReflectionProbeUsage: 1
  m_RayTracingMode: 0
  m_RenderingLayerMask: 1
  m_RendererPriority: 0
  m_Materials:
  - {fileID: 2100000, guid: aafd2bd83a0f3664fbc9a395cdbd5887, type: 2}
  m_StaticBatchInfo:
    firstSubMesh: 0
    subMeshCount: 0
  m_StaticBatchRoot: {fileID: 0}
  m_ProbeAnchor: {fileID: 0}
  m_LightProbeVolumeOverride: {fileID: 0}
  m_ScaleInLightmap: 1
  m_ReceiveGI: 1
  m_PreserveUVs: 0
  m_IgnoreNormalsForChartDetection: 0
  m_ImportantGI: 0
  m_StitchLightmapSeams: 1
  m_SelectedEditorRenderState: 3
  m_MinimumChartSize: 4
  m_AutoUVMaxDistance: 0.5
  m_AutoUVMaxAngle: 89
  m_LightmapParameters: {fileID: 0}
  m_SortingLayerID: 0
  m_SortingLayer: 0
  m_SortingOrder: 0
  serializedVersion: 2
  m_Quality: 0
  m_UpdateWhenOffscreen: 1
  m_SkinnedMotionVectors: 1
  m_Mesh: {fileID: -5611123985907909635, guid: af94158c2a0215945b499d5b59931b52, type: 3}
  m_Bones:
  - {fileID: 1373173904476177310}
  - {fileID: 2029137192224075502}
  - {fileID: 8968466160000421578}
  - {fileID: 291793550209227333}
  - {fileID: 871635759120856430}
  - {fileID: 8991110894691474187}
  - {fileID: 3547981406863786469}
  - {fileID: 4957115255351105242}
  - {fileID: 3425073582467364075}
  - {fileID: 4945440646310491523}
  - {fileID: 8367423199617539452}
  - {fileID: 7975337043236048221}
  - {fileID: 6024036661237801446}
  - {fileID: 3316789574623220732}
  - {fileID: 6894630722221581094}
  - {fileID: 8292575104573485640}
  - {fileID: 881718291756701216}
  - {fileID: 8856813991630560845}
  - {fileID: 6042425914868766042}
  - {fileID: 2622888280850398189}
  - {fileID: 6126936453990473162}
  - {fileID: 8847226982000616331}
  - {fileID: 7071316978282107687}
  - {fileID: 3038834227643719016}
  - {fileID: 7131330037683763209}
  - {fileID: 5070445267457071401}
  - {fileID: 3900025235005318194}
  - {fileID: 8865643163494584475}
  - {fileID: 486266471700081475}
  - {fileID: 810456422243525701}
  - {fileID: 6220363453787381081}
  - {fileID: 1325709676018839981}
  - {fileID: 8400911834483366808}
  - {fileID: 2010776098634589879}
  - {fileID: 993221791137545892}
  - {fileID: 5848622700283262148}
  m_BlendShapeWeights: []
  m_RootBone: {fileID: 1373173904476177310}
  m_AABB:
    m_Center: {x: 0.01170294, y: 0.36043376, z: 0.055742897}
    m_Extent: {x: 0.18463993, y: 0.1729628, z: 0.1290654}
  m_DirtyAABB: 0
--- !u!1 &2725085582728852895
GameObject:
  m_ObjectHideFlags: 0
  m_CorrespondingSourceObject: {fileID: 0}
  m_PrefabInstance: {fileID: 0}
  m_PrefabAsset: {fileID: 0}
  serializedVersion: 6
  m_Component:
  - component: {fileID: 8367423199617539452}
  m_Layer: 0
  m_Name: REar2
  m_TagString: Untagged
  m_Icon: {fileID: 0}
  m_NavMeshLayer: 0
  m_StaticEditorFlags: 0
  m_IsActive: 1
--- !u!4 &8367423199617539452
Transform:
  m_ObjectHideFlags: 0
  m_CorrespondingSourceObject: {fileID: 0}
  m_PrefabInstance: {fileID: 0}
  m_PrefabAsset: {fileID: 0}
  m_GameObject: {fileID: 2725085582728852895}
  m_LocalRotation: {x: 0, y: -0, z: -0, w: 1}
  m_LocalPosition: {x: -0.053329878, y: 0.00000018, z: -0.000000049999997}
  m_LocalScale: {x: 1, y: 1, z: 1}
  m_Children:
  - {fileID: 7975337043236048221}
  m_Father: {fileID: 4945440646310491523}
  m_RootOrder: 0
  m_LocalEulerAnglesHint: {x: 0, y: 0, z: 0}
--- !u!1 &2759757009678939452
GameObject:
  m_ObjectHideFlags: 0
  m_CorrespondingSourceObject: {fileID: 0}
  m_PrefabInstance: {fileID: 0}
  m_PrefabAsset: {fileID: 0}
  serializedVersion: 6
  m_Component:
  - component: {fileID: 6042425914868766042}
  m_Layer: 0
  m_Name: RForeArm
  m_TagString: Untagged
  m_Icon: {fileID: 0}
  m_NavMeshLayer: 0
  m_StaticEditorFlags: 0
  m_IsActive: 1
--- !u!4 &6042425914868766042
Transform:
  m_ObjectHideFlags: 0
  m_CorrespondingSourceObject: {fileID: 0}
  m_PrefabInstance: {fileID: 0}
  m_PrefabAsset: {fileID: 0}
  m_GameObject: {fileID: 2759757009678939452}
  m_LocalRotation: {x: 0, y: -0, z: -0, w: 1}
  m_LocalPosition: {x: -0.05422361, y: -0.00000043999998, z: -0.00000067}
  m_LocalScale: {x: 1, y: 1, z: 1}
  m_Children:
  - {fileID: 2622888280850398189}
  m_Father: {fileID: 8856813991630560845}
  m_RootOrder: 0
  m_LocalEulerAnglesHint: {x: 0, y: 0, z: 0}
--- !u!1 &3462317199754223467
GameObject:
  m_ObjectHideFlags: 0
  m_CorrespondingSourceObject: {fileID: 0}
  m_PrefabInstance: {fileID: 0}
  m_PrefabAsset: {fileID: 0}
  serializedVersion: 6
  m_Component:
  - component: {fileID: 6220363453787381081}
  m_Layer: 0
  m_Name: Tail2
  m_TagString: Untagged
  m_Icon: {fileID: 0}
  m_NavMeshLayer: 0
  m_StaticEditorFlags: 0
  m_IsActive: 1
--- !u!4 &6220363453787381081
Transform:
  m_ObjectHideFlags: 0
  m_CorrespondingSourceObject: {fileID: 0}
  m_PrefabInstance: {fileID: 0}
  m_PrefabAsset: {fileID: 0}
  m_GameObject: {fileID: 3462317199754223467}
  m_LocalRotation: {x: 0, y: 0.38789204, z: -0, w: 0.9217048}
  m_LocalPosition: {x: -0.05504735, y: 0, z: 0}
  m_LocalScale: {x: 1, y: 1, z: 1}
  m_Children:
  - {fileID: 1325709676018839981}
  m_Father: {fileID: 810456422243525701}
  m_RootOrder: 0
  m_LocalEulerAnglesHint: {x: 0, y: 0, z: 0}
--- !u!1 &3611449441317084802
GameObject:
  m_ObjectHideFlags: 0
  m_CorrespondingSourceObject: {fileID: 0}
  m_PrefabInstance: {fileID: 0}
  m_PrefabAsset: {fileID: 0}
  serializedVersion: 6
  m_Component:
  - component: {fileID: 810456422243525701}
  m_Layer: 0
  m_Name: Tail1
  m_TagString: Untagged
  m_Icon: {fileID: 0}
  m_NavMeshLayer: 0
  m_StaticEditorFlags: 0
  m_IsActive: 1
--- !u!4 &810456422243525701
Transform:
  m_ObjectHideFlags: 0
  m_CorrespondingSourceObject: {fileID: 0}
  m_PrefabInstance: {fileID: 0}
  m_PrefabAsset: {fileID: 0}
  m_GameObject: {fileID: 3611449441317084802}
  m_LocalRotation: {x: 0.5716837, y: 3.5005532e-17, z: 0.8204741, w: -5.023955e-17}
  m_LocalPosition: {x: -0.03916742, y: 0, z: -0.09021112}
  m_LocalScale: {x: 1, y: 1, z: 1}
  m_Children:
  - {fileID: 6220363453787381081}
  m_Father: {fileID: 6126936453990473162}
  m_RootOrder: 3
  m_LocalEulerAnglesHint: {x: 0, y: 0, z: 0}
--- !u!1 &4076471235933793626
GameObject:
  m_ObjectHideFlags: 0
  m_CorrespondingSourceObject: {fileID: 0}
  m_PrefabInstance: {fileID: 0}
  m_PrefabAsset: {fileID: 0}
  serializedVersion: 6
  m_Component:
  - component: {fileID: 3425073582467364075}
  m_Layer: 0
  m_Name: LEar3
  m_TagString: Untagged
  m_Icon: {fileID: 0}
  m_NavMeshLayer: 0
  m_StaticEditorFlags: 0
  m_IsActive: 1
--- !u!4 &3425073582467364075
Transform:
  m_ObjectHideFlags: 0
  m_CorrespondingSourceObject: {fileID: 0}
  m_PrefabInstance: {fileID: 0}
  m_PrefabAsset: {fileID: 0}
  m_GameObject: {fileID: 4076471235933793626}
  m_LocalRotation: {x: 0, y: -0, z: -0, w: 1}
  m_LocalPosition: {x: -0.05102, y: 0, z: 0}
  m_LocalScale: {x: 1, y: 1, z: 1}
  m_Children: []
  m_Father: {fileID: 4957115255351105242}
  m_RootOrder: 0
  m_LocalEulerAnglesHint: {x: 0, y: 0, z: 0}
--- !u!1 &4345300967747455174
GameObject:
  m_ObjectHideFlags: 0
  m_CorrespondingSourceObject: {fileID: 0}
  m_PrefabInstance: {fileID: 0}
  m_PrefabAsset: {fileID: 0}
  serializedVersion: 6
  m_Component:
  - component: {fileID: 8865643163494584475}
  m_Layer: 0
  m_Name: RFoot
  m_TagString: Untagged
  m_Icon: {fileID: 0}
  m_NavMeshLayer: 0
  m_StaticEditorFlags: 0
  m_IsActive: 1
--- !u!4 &8865643163494584475
Transform:
  m_ObjectHideFlags: 0
  m_CorrespondingSourceObject: {fileID: 0}
  m_PrefabInstance: {fileID: 0}
  m_PrefabAsset: {fileID: 0}
  m_GameObject: {fileID: 4345300967747455174}
  m_LocalRotation: {x: 2.6707037e-17, y: 0.8907171, z: 2.6707037e-17, w: 0.4545581}
  m_LocalPosition: {x: -0.066115886, y: -0.000000049999997, z: -0.000000049999997}
  m_LocalScale: {x: 1, y: 1, z: 1}
  m_Children:
  - {fileID: 486266471700081475}
  m_Father: {fileID: 3900025235005318194}
  m_RootOrder: 0
  m_LocalEulerAnglesHint: {x: 0, y: 0, z: 0}
--- !u!1 &4490903777848869010
GameObject:
  m_ObjectHideFlags: 0
  m_CorrespondingSourceObject: {fileID: 0}
  m_PrefabInstance: {fileID: 0}
  m_PrefabAsset: {fileID: 0}
  serializedVersion: 6
  m_Component:
  - component: {fileID: 2622888280850398189}
  m_Layer: 0
  m_Name: RHand
  m_TagString: Untagged
  m_Icon: {fileID: 0}
  m_NavMeshLayer: 0
  m_StaticEditorFlags: 0
  m_IsActive: 1
--- !u!4 &2622888280850398189
Transform:
  m_ObjectHideFlags: 0
  m_CorrespondingSourceObject: {fileID: 0}
  m_PrefabInstance: {fileID: 0}
  m_PrefabAsset: {fileID: 0}
  m_GameObject: {fileID: 4490903777848869010}
  m_LocalRotation: {x: -0.11479142, y: 0, z: -0, w: 0.9933896}
  m_LocalPosition: {x: -0.04472402, y: 0.00000019, z: 0.00000064}
  m_LocalScale: {x: 1, y: 1, z: 1}
  m_Children: []
  m_Father: {fileID: 6042425914868766042}
  m_RootOrder: 0
  m_LocalEulerAnglesHint: {x: 0, y: 0, z: 0}
--- !u!1 &5546973671307514111
GameObject:
  m_ObjectHideFlags: 0
  m_CorrespondingSourceObject: {fileID: 0}
  m_PrefabInstance: {fileID: 0}
  m_PrefabAsset: {fileID: 0}
  serializedVersion: 6
  m_Component:
  - component: {fileID: 291793550209227333}
  m_Layer: 0
  m_Name: Spine1
  m_TagString: Untagged
  m_Icon: {fileID: 0}
  m_NavMeshLayer: 0
  m_StaticEditorFlags: 0
  m_IsActive: 1
--- !u!4 &291793550209227333
Transform:
  m_ObjectHideFlags: 0
  m_CorrespondingSourceObject: {fileID: 0}
  m_PrefabInstance: {fileID: 0}
  m_PrefabAsset: {fileID: 0}
  m_GameObject: {fileID: 5546973671307514111}
  m_LocalRotation: {x: 0, y: -0, z: -0, w: 1}
  m_LocalPosition: {x: -0, y: 0, z: 0}
  m_LocalScale: {x: 1, y: 1, z: 1}
  m_Children:
  - {fileID: 871635759120856430}
  m_Father: {fileID: 8968466160000421578}
  m_RootOrder: 1
  m_LocalEulerAnglesHint: {x: 0, y: 0, z: 0}
--- !u!1 &5965340209780122969
GameObject:
  m_ObjectHideFlags: 0
  m_CorrespondingSourceObject: {fileID: 0}
  m_PrefabInstance: {fileID: 0}
  m_PrefabAsset: {fileID: 0}
  serializedVersion: 6
  m_Component:
  - component: {fileID: 7131330037683763209}
  m_Layer: 0
  m_Name: LToe
  m_TagString: Untagged
  m_Icon: {fileID: 0}
  m_NavMeshLayer: 0
  m_StaticEditorFlags: 0
  m_IsActive: 1
--- !u!4 &7131330037683763209
Transform:
  m_ObjectHideFlags: 0
  m_CorrespondingSourceObject: {fileID: 0}
  m_PrefabInstance: {fileID: 0}
  m_PrefabAsset: {fileID: 0}
  m_GameObject: {fileID: 5965340209780122969}
  m_LocalRotation: {x: 0, y: -0, z: -0, w: 1}
  m_LocalPosition: {x: -0.04976096, y: -0.00000001, z: -0.01064399}
  m_LocalScale: {x: 1, y: 1, z: 1}
  m_Children: []
  m_Father: {fileID: 3038834227643719016}
  m_RootOrder: 0
  m_LocalEulerAnglesHint: {x: 0, y: 0, z: 0}
--- !u!1 &6039019211687409271
GameObject:
  m_ObjectHideFlags: 0
  m_CorrespondingSourceObject: {fileID: 0}
  m_PrefabInstance: {fileID: 0}
  m_PrefabAsset: {fileID: 0}
  serializedVersion: 6
  m_Component:
  - component: {fileID: 5070445267457071401}
  m_Layer: 0
  m_Name: RThigh
  m_TagString: Untagged
  m_Icon: {fileID: 0}
  m_NavMeshLayer: 0
  m_StaticEditorFlags: 0
  m_IsActive: 1
--- !u!4 &5070445267457071401
Transform:
  m_ObjectHideFlags: 0
  m_CorrespondingSourceObject: {fileID: 0}
  m_PrefabInstance: {fileID: 0}
  m_PrefabAsset: {fileID: 0}
  m_GameObject: {fileID: 6039019211687409271}
  m_LocalRotation: {x: 0.10155932, y: 0.42195258, z: 0.047633067, w: 0.8996515}
  m_LocalPosition: {x: -0.032003667, y: -0.0639303, z: -0.01978636}
  m_LocalScale: {x: 1, y: 1, z: 1}
  m_Children:
  - {fileID: 3900025235005318194}
  m_Father: {fileID: 6126936453990473162}
  m_RootOrder: 2
  m_LocalEulerAnglesHint: {x: 0, y: 0, z: 0}
--- !u!1 &6365907434310918912
GameObject:
  m_ObjectHideFlags: 0
  m_CorrespondingSourceObject: {fileID: 0}
  m_PrefabInstance: {fileID: 0}
  m_PrefabAsset: {fileID: 0}
  serializedVersion: 6
  m_Component:
  - component: {fileID: 2827999336522167226}
  - component: {fileID: 2888384283682144488}
  - component: {fileID: 633674902612255678}
  - component: {fileID: 8842031033409359257}
  - component: {fileID: 7340432530694172200}
  - component: {fileID: 178550017357506328}
  - component: {fileID: 7012122234746895401}
  m_Layer: 15
  m_Name: Pikachu
  m_TagString: Untagged
  m_Icon: {fileID: 0}
  m_NavMeshLayer: 0
  m_StaticEditorFlags: 0
  m_IsActive: 1
--- !u!4 &2827999336522167226
Transform:
  m_ObjectHideFlags: 0
  m_CorrespondingSourceObject: {fileID: 0}
  m_PrefabInstance: {fileID: 0}
  m_PrefabAsset: {fileID: 0}
  m_GameObject: {fileID: 6365907434310918912}
  m_LocalRotation: {x: 0, y: 0, z: 0, w: 1}
  m_LocalPosition: {x: 0, y: 0, z: 0}
  m_LocalScale: {x: 1, y: 1, z: 1}
  m_Children:
  - {fileID: 381180999202969235}
  m_Father: {fileID: 0}
  m_RootOrder: 0
  m_LocalEulerAnglesHint: {x: 0, y: 0, z: 0}
--- !u!136 &2888384283682144488
CapsuleCollider:
  m_ObjectHideFlags: 0
  m_CorrespondingSourceObject: {fileID: 0}
  m_PrefabInstance: {fileID: 0}
  m_PrefabAsset: {fileID: 0}
  m_GameObject: {fileID: 6365907434310918912}
  m_Material: {fileID: 13400000, guid: c2815a7ab32e42c4bb42f59caacb8ec1, type: 2}
  m_IsTrigger: 0
  m_Enabled: 1
  m_Radius: 0.3
  m_Height: 0
  m_Direction: 1
  m_Center: {x: 0, y: 0.3, z: 0}
--- !u!54 &633674902612255678
Rigidbody:
  m_ObjectHideFlags: 0
  m_CorrespondingSourceObject: {fileID: 0}
  m_PrefabInstance: {fileID: 0}
  m_PrefabAsset: {fileID: 0}
  m_GameObject: {fileID: 6365907434310918912}
  serializedVersion: 2
  m_Mass: 1
  m_Drag: 0.4
  m_AngularDrag: 0
  m_UseGravity: 1
  m_IsKinematic: 0
  m_Interpolate: 0
  m_Constraints: 112
  m_CollisionDetection: 0
--- !u!114 &8842031033409359257
MonoBehaviour:
  m_ObjectHideFlags: 0
  m_CorrespondingSourceObject: {fileID: 0}
  m_PrefabInstance: {fileID: 0}
  m_PrefabAsset: {fileID: 0}
  m_GameObject: {fileID: 6365907434310918912}
  m_Enabled: 1
  m_EditorHideFlags: 0
  m_Script: {fileID: 11500000, guid: f470f4d3f675b9d4f8a0e21a856fc913, type: 3}
  m_Name: 
  m_EditorClassIdentifier: 
--- !u!114 &7340432530694172200
MonoBehaviour:
  m_ObjectHideFlags: 0
  m_CorrespondingSourceObject: {fileID: 0}
  m_PrefabInstance: {fileID: 0}
  m_PrefabAsset: {fileID: 0}
  m_GameObject: {fileID: 6365907434310918912}
  m_Enabled: 1
  m_EditorHideFlags: 0
  m_Script: {fileID: 11500000, guid: 1aa395343a6de9c4caefcc5c2f9f89b3, type: 3}
  m_Name: 
  m_EditorClassIdentifier: 
--- !u!114 &178550017357506328
MonoBehaviour:
  m_ObjectHideFlags: 0
  m_CorrespondingSourceObject: {fileID: 0}
  m_PrefabInstance: {fileID: 0}
  m_PrefabAsset: {fileID: 0}
  m_GameObject: {fileID: 6365907434310918912}
  m_Enabled: 1
  m_EditorHideFlags: 0
  m_Script: {fileID: 11500000, guid: e1c72a442599b2f49b9f471be7b41624, type: 3}
  m_Name: 
  m_EditorClassIdentifier: 
--- !u!114 &7012122234746895401
MonoBehaviour:
  m_ObjectHideFlags: 0
  m_CorrespondingSourceObject: {fileID: 0}
  m_PrefabInstance: {fileID: 0}
  m_PrefabAsset: {fileID: 0}
  m_GameObject: {fileID: 6365907434310918912}
  m_Enabled: 1
  m_EditorHideFlags: 0
  m_Script: {fileID: 11500000, guid: 8a6f186a7b864354e8aca530d415879e, type: 3}
  m_Name: 
  m_EditorClassIdentifier: 
  maxWalkSpeed: 3
  turnSmoothing: 15
  runSpeedMultiplier: 1.5
  airControl: 0.2
  flyWhenWalking: 0
  flyWhenRunning: 0
  alwaysVisible: 0
  head: {fileID: 8991110894691474187}
  headInteractPoint: {x: -0.25, y: 0, z: 0.05}
  headOffset: -0
  lookAtPlayer: 0
  eyes: {fileID: 923838882784449109}
  mouth: {fileID: 5704024255936544461}
  effects: {fileID: 11400000, guid: 258dd79d9fedd994e8dfb481f6aca5dc, type: 2}
  handleAnimation: 1
  dungeonScale: 1
  animationClips:
  - {fileID: 7400000, guid: aa0ca026b504efa4c9c86fcd0b224d3a, type: 2}
  - {fileID: 7400000, guid: 015c9e7e62a727444be18ba246b8ed39, type: 2}
  - {fileID: 7400000, guid: cb7b1e6210e0a5c47a2384da0ef638b0, type: 2}
  - {fileID: 7400000, guid: 02c4f7060d89f52448ce4956fe12555b, type: 2}
  - {fileID: 7400000, guid: 4a07c8a91e560344fb06c01155691e7e, type: 2}
  - {fileID: 7400000, guid: c615cc76b78993f4e9646acbd0dffa94, type: 2}
  - {fileID: 7400000, guid: 3bbc8b69559c04340b5b3dc3344c7a75, type: 2}
  - {fileID: 7400000, guid: 45a44723e96bfc54997f17d270a7dd3b, type: 2}
  - {fileID: 7400000, guid: 867285ae8558f3147b5a63fde920603e, type: 2}
  - {fileID: 7400000, guid: aa4d8118e8b001042b753fc17f23b441, type: 2}
  - {fileID: 7400000, guid: 24a94f2f0b9bc6141b6e7a034030625c, type: 2}
  - {fileID: 7400000, guid: 2a004da5998209d4babec3d5e617a161, type: 2}
  - {fileID: 7400000, guid: c2b87cc2c700c7040b3c6da91e08b818, type: 2}
  - {fileID: 7400000, guid: be83f25ca87b66841b1f2f904f533378, type: 2}
  - {fileID: 7400000, guid: a5073a6ea1f1f724eb662b00b41f0406, type: 2}
  - {fileID: 7400000, guid: 04b5840c9e8881242842a891ea3dcf76, type: 2}
  - {fileID: 7400000, guid: c30ab0c4788635b4f81d0a474f884004, type: 2}
  - {fileID: 7400000, guid: 5ac5d329df9533d47a65ebc7e6514796, type: 2}
  - {fileID: 7400000, guid: 063e5c254d764854288556d6bcbcb10f, type: 2}
  - {fileID: 7400000, guid: 973724f6a1306d34c8b824d9fe733ad9, type: 2}
  - {fileID: 7400000, guid: ebc8f8a8fd95ece46a3a576904747bd0, type: 2}
  - {fileID: 7400000, guid: ac37a4ea2db358c4dbf03a6aff24bab0, type: 2}
  - {fileID: 7400000, guid: b2cbb4f3ff2e2604faecd45a722c9ce9, type: 2}
  - {fileID: 7400000, guid: 02c93a7e62385de4c84b695a5ca21550, type: 2}
  - {fileID: 7400000, guid: e5cff4e92fa24534e85f4bc4d7134051, type: 2}
--- !u!1 &6387174726691917159
GameObject:
  m_ObjectHideFlags: 0
  m_CorrespondingSourceObject: {fileID: 0}
  m_PrefabInstance: {fileID: 0}
  m_PrefabAsset: {fileID: 0}
  serializedVersion: 6
  m_Component:
  - component: {fileID: 8847226982000616331}
  m_Layer: 0
  m_Name: LThigh
  m_TagString: Untagged
  m_Icon: {fileID: 0}
  m_NavMeshLayer: 0
  m_StaticEditorFlags: 0
  m_IsActive: 1
--- !u!4 &8847226982000616331
Transform:
  m_ObjectHideFlags: 0
  m_CorrespondingSourceObject: {fileID: 0}
  m_PrefabInstance: {fileID: 0}
  m_PrefabAsset: {fileID: 0}
  m_GameObject: {fileID: 6387174726691917159}
  m_LocalRotation: {x: -0.10155932, y: 0.42195258, z: -0.047633067, w: 0.8996515}
  m_LocalPosition: {x: -0.032003768, y: 0.06393034, z: -0.019786319}
  m_LocalScale: {x: 1, y: 1, z: 1}
  m_Children:
  - {fileID: 7071316978282107687}
  m_Father: {fileID: 6126936453990473162}
  m_RootOrder: 1
  m_LocalEulerAnglesHint: {x: 0, y: 0, z: 0}
--- !u!1 &6822143515052983664
GameObject:
  m_ObjectHideFlags: 0
  m_CorrespondingSourceObject: {fileID: 0}
  m_PrefabInstance: {fileID: 0}
  m_PrefabAsset: {fileID: 0}
  serializedVersion: 6
  m_Component:
  - component: {fileID: 8991110894691474187}
  m_Layer: 0
  m_Name: Head
  m_TagString: Untagged
  m_Icon: {fileID: 0}
  m_NavMeshLayer: 0
  m_StaticEditorFlags: 0
  m_IsActive: 1
--- !u!4 &8991110894691474187
Transform:
  m_ObjectHideFlags: 0
  m_CorrespondingSourceObject: {fileID: 0}
  m_PrefabInstance: {fileID: 0}
  m_PrefabAsset: {fileID: 0}
  m_GameObject: {fileID: 6822143515052983664}
  m_LocalRotation: {x: 0, y: -0.2373748, z: -0, w: 0.97141814}
  m_LocalPosition: {x: -0.088326804, y: 0, z: 0}
  m_LocalScale: {x: 1, y: 1, z: 1}
  m_Children:
  - {fileID: 3547981406863786469}
  - {fileID: 4945440646310491523}
  m_Father: {fileID: 871635759120856430}
  m_RootOrder: 0
  m_LocalEulerAnglesHint: {x: 0, y: 0, z: 0}
--- !u!1 &6949284342353175080
GameObject:
  m_ObjectHideFlags: 0
  m_CorrespondingSourceObject: {fileID: 0}
  m_PrefabInstance: {fileID: 0}
  m_PrefabAsset: {fileID: 0}
  serializedVersion: 6
  m_Component:
  - component: {fileID: 1325709676018839981}
  m_Layer: 0
  m_Name: Tail3
  m_TagString: Untagged
  m_Icon: {fileID: 0}
  m_NavMeshLayer: 0
  m_StaticEditorFlags: 0
  m_IsActive: 1
--- !u!4 &1325709676018839981
Transform:
  m_ObjectHideFlags: 0
  m_CorrespondingSourceObject: {fileID: 0}
  m_PrefabInstance: {fileID: 0}
  m_PrefabAsset: {fileID: 0}
  m_GameObject: {fileID: 6949284342353175080}
  m_LocalRotation: {x: 0, y: 0.12157502, z: -0, w: 0.99258226}
  m_LocalPosition: {x: -0.1284397, y: 0, z: 0}
  m_LocalScale: {x: 1, y: 1, z: 1}
  m_Children: []
  m_Father: {fileID: 6220363453787381081}
  m_RootOrder: 0
  m_LocalEulerAnglesHint: {x: 0, y: 0, z: 0}
--- !u!1 &7239765693770889751
GameObject:
  m_ObjectHideFlags: 0
  m_CorrespondingSourceObject: {fileID: 0}
  m_PrefabInstance: {fileID: 0}
  m_PrefabAsset: {fileID: 0}
  serializedVersion: 6
  m_Component:
  - component: {fileID: 7975337043236048221}
  m_Layer: 0
  m_Name: REar3
  m_TagString: Untagged
  m_Icon: {fileID: 0}
  m_NavMeshLayer: 0
  m_StaticEditorFlags: 0
  m_IsActive: 1
--- !u!4 &7975337043236048221
Transform:
  m_ObjectHideFlags: 0
  m_CorrespondingSourceObject: {fileID: 0}
  m_PrefabInstance: {fileID: 0}
  m_PrefabAsset: {fileID: 0}
  m_GameObject: {fileID: 7239765693770889751}
  m_LocalRotation: {x: 0, y: -0, z: -0, w: 1}
  m_LocalPosition: {x: -0.05102025, y: -0.00000054, z: 0.00000001}
  m_LocalScale: {x: 1, y: 1, z: 1}
  m_Children: []
  m_Father: {fileID: 8367423199617539452}
  m_RootOrder: 0
  m_LocalEulerAnglesHint: {x: 0, y: 0, z: 0}
--- !u!1 &7562257290201668965
GameObject:
  m_ObjectHideFlags: 0
  m_CorrespondingSourceObject: {fileID: 0}
  m_PrefabInstance: {fileID: 0}
  m_PrefabAsset: {fileID: 0}
  serializedVersion: 6
  m_Component:
  - component: {fileID: 3038834227643719016}
  m_Layer: 0
  m_Name: LFoot
  m_TagString: Untagged
  m_Icon: {fileID: 0}
  m_NavMeshLayer: 0
  m_StaticEditorFlags: 0
  m_IsActive: 1
--- !u!4 &3038834227643719016
Transform:
  m_ObjectHideFlags: 0
  m_CorrespondingSourceObject: {fileID: 0}
  m_PrefabInstance: {fileID: 0}
  m_PrefabAsset: {fileID: 0}
  m_GameObject: {fileID: 7562257290201668965}
  m_LocalRotation: {x: 8.2374345e-17, y: 0.89071715, z: -8.2374345e-17, w: 0.454558}
  m_LocalPosition: {x: -0.066115886, y: 0, z: 0}
  m_LocalScale: {x: 1, y: 1, z: 1}
  m_Children:
  - {fileID: 7131330037683763209}
  m_Father: {fileID: 7071316978282107687}
  m_RootOrder: 0
  m_LocalEulerAnglesHint: {x: 0, y: 0, z: 0}
--- !u!1 &7562416682060623134
GameObject:
  m_ObjectHideFlags: 0
  m_CorrespondingSourceObject: {fileID: 0}
  m_PrefabInstance: {fileID: 0}
  m_PrefabAsset: {fileID: 0}
  serializedVersion: 6
  m_Component:
  - component: {fileID: 4945440646310491523}
  m_Layer: 0
  m_Name: REar1
  m_TagString: Untagged
  m_Icon: {fileID: 0}
  m_NavMeshLayer: 0
  m_StaticEditorFlags: 0
  m_IsActive: 1
--- !u!4 &4945440646310491523
Transform:
  m_ObjectHideFlags: 0
  m_CorrespondingSourceObject: {fileID: 0}
  m_PrefabInstance: {fileID: 0}
  m_PrefabAsset: {fileID: 0}
  m_GameObject: {fileID: 7562416682060623134}
  m_LocalRotation: {x: -0.19823483, y: -0.01490266, z: -0.36462787, w: 0.9096854}
  m_LocalPosition: {x: -0.1194658, y: 0.0624156, z: 0.00547559}
  m_LocalScale: {x: 1, y: 1, z: 1}
  m_Children:
  - {fileID: 8367423199617539452}
  m_Father: {fileID: 8991110894691474187}
  m_RootOrder: 1
  m_LocalEulerAnglesHint: {x: 0, y: 0, z: 0}
--- !u!1 &7604782373416330865
GameObject:
  m_ObjectHideFlags: 0
  m_CorrespondingSourceObject: {fileID: 0}
  m_PrefabInstance: {fileID: 0}
  m_PrefabAsset: {fileID: 0}
  serializedVersion: 6
  m_Component:
  - component: {fileID: 8292575104573485640}
  m_Layer: 0
  m_Name: LHand
  m_TagString: Untagged
  m_Icon: {fileID: 0}
  m_NavMeshLayer: 0
  m_StaticEditorFlags: 0
  m_IsActive: 1
--- !u!4 &8292575104573485640
Transform:
  m_ObjectHideFlags: 0
  m_CorrespondingSourceObject: {fileID: 0}
  m_PrefabInstance: {fileID: 0}
  m_PrefabAsset: {fileID: 0}
  m_GameObject: {fileID: 7604782373416330865}
  m_LocalRotation: {x: 0.11479142, y: -0, z: -0, w: 0.9933896}
  m_LocalPosition: {x: -0.04472324, y: 0, z: 0}
  m_LocalScale: {x: 1, y: 1, z: 1}
  m_Children: []
  m_Father: {fileID: 6894630722221581094}
  m_RootOrder: 0
  m_LocalEulerAnglesHint: {x: 0, y: 0, z: 0}
--- !u!1 &8021813942419807546
GameObject:
  m_ObjectHideFlags: 0
  m_CorrespondingSourceObject: {fileID: 0}
  m_PrefabInstance: {fileID: 0}
  m_PrefabAsset: {fileID: 0}
  serializedVersion: 6
  m_Component:
  - component: {fileID: 2029137192224075502}
  m_Layer: 0
  m_Name: Origin
  m_TagString: Untagged
  m_Icon: {fileID: 0}
  m_NavMeshLayer: 0
  m_StaticEditorFlags: 0
  m_IsActive: 1
--- !u!4 &2029137192224075502
Transform:
  m_ObjectHideFlags: 0
  m_CorrespondingSourceObject: {fileID: 0}
  m_PrefabInstance: {fileID: 0}
  m_PrefabAsset: {fileID: 0}
  m_GameObject: {fileID: 8021813942419807546}
  m_LocalRotation: {x: 0, y: -0, z: -0, w: 1}
  m_LocalPosition: {x: -0, y: 0, z: 0}
  m_LocalScale: {x: 1, y: 1, z: 1}
  m_Children:
  - {fileID: 8968466160000421578}
  m_Father: {fileID: 1373173904476177310}
  m_RootOrder: 0
  m_LocalEulerAnglesHint: {x: 0, y: 0, z: 0}
--- !u!1 &8034581420426898732
GameObject:
  m_ObjectHideFlags: 0
  m_CorrespondingSourceObject: {fileID: 0}
  m_PrefabInstance: {fileID: 0}
  m_PrefabAsset: {fileID: 0}
  serializedVersion: 6
  m_Component:
  - component: {fileID: 8400911834483366808}
  m_Layer: 0
  m_Name: Feeler
  m_TagString: Untagged
  m_Icon: {fileID: 0}
  m_NavMeshLayer: 0
  m_StaticEditorFlags: 0
  m_IsActive: 1
--- !u!4 &8400911834483366808
Transform:
  m_ObjectHideFlags: 0
  m_CorrespondingSourceObject: {fileID: 0}
  m_PrefabInstance: {fileID: 0}
  m_PrefabAsset: {fileID: 0}
  m_GameObject: {fileID: 8034581420426898732}
  m_LocalRotation: {x: 0, y: 0.0000005, z: -0, w: 1}
  m_LocalPosition: {x: -0.040561352, y: 0, z: -0.00028655}
  m_LocalScale: {x: 1, y: 1, z: 1}
  m_Children: []
  m_Father: {fileID: 6126936453990473162}
  m_RootOrder: 0
  m_LocalEulerAnglesHint: {x: 0, y: 0, z: 0}
--- !u!1 &8095927019739383172
GameObject:
  m_ObjectHideFlags: 0
  m_CorrespondingSourceObject: {fileID: 0}
  m_PrefabInstance: {fileID: 0}
  m_PrefabAsset: {fileID: 0}
  serializedVersion: 6
  m_Component:
  - component: {fileID: 3547981406863786469}
  m_Layer: 0
  m_Name: LEar1
  m_TagString: Untagged
  m_Icon: {fileID: 0}
  m_NavMeshLayer: 0
  m_StaticEditorFlags: 0
  m_IsActive: 1
--- !u!4 &3547981406863786469
Transform:
  m_ObjectHideFlags: 0
  m_CorrespondingSourceObject: {fileID: 0}
  m_PrefabInstance: {fileID: 0}
  m_PrefabAsset: {fileID: 0}
  m_GameObject: {fileID: 8095927019739383172}
  m_LocalRotation: {x: 0.19823483, y: -0.01490266, z: 0.36462787, w: 0.9096854}
  m_LocalPosition: {x: -0.1194659, y: -0.062415652, z: 0.0054756403}
  m_LocalScale: {x: 1, y: 1, z: 1}
  m_Children:
  - {fileID: 4957115255351105242}
  m_Father: {fileID: 8991110894691474187}
  m_RootOrder: 0
  m_LocalEulerAnglesHint: {x: 0, y: 0, z: 0}
--- !u!1 &8143434214231578066
GameObject:
  m_ObjectHideFlags: 0
  m_CorrespondingSourceObject: {fileID: 0}
  m_PrefabInstance: {fileID: 0}
  m_PrefabAsset: {fileID: 0}
  serializedVersion: 6
  m_Component:
  - component: {fileID: 8968466160000421578}
  m_Layer: 0
  m_Name: Waist
  m_TagString: Untagged
  m_Icon: {fileID: 0}
  m_NavMeshLayer: 0
  m_StaticEditorFlags: 0
  m_IsActive: 1
--- !u!4 &8968466160000421578
Transform:
  m_ObjectHideFlags: 0
  m_CorrespondingSourceObject: {fileID: 0}
  m_PrefabInstance: {fileID: 0}
  m_PrefabAsset: {fileID: 0}
  m_GameObject: {fileID: 8143434214231578066}
  m_LocalRotation: {x: 0.030503247, y: 0.030503258, z: -0.70644844, w: 0.7064487}
  m_LocalPosition: {x: -0, y: 0.1428526, z: 0.0026272198}
  m_LocalScale: {x: 1, y: 1, z: 1}
  m_Children:
  - {fileID: 6126936453990473162}
  - {fileID: 291793550209227333}
  m_Father: {fileID: 2029137192224075502}
  m_RootOrder: 0
  m_LocalEulerAnglesHint: {x: 0, y: 0, z: 0}
--- !u!1 &8472626786329804442
GameObject:
  m_ObjectHideFlags: 0
  m_CorrespondingSourceObject: {fileID: 0}
  m_PrefabInstance: {fileID: 0}
  m_PrefabAsset: {fileID: 0}
  serializedVersion: 6
  m_Component:
  - component: {fileID: 5848622700283262148}
  m_Layer: 0
  m_Name: pm0025_00_SippoSkin
  m_TagString: Untagged
  m_Icon: {fileID: 0}
  m_NavMeshLayer: 0
  m_StaticEditorFlags: 0
  m_IsActive: 1
--- !u!4 &5848622700283262148
Transform:
  m_ObjectHideFlags: 0
  m_CorrespondingSourceObject: {fileID: 0}
  m_PrefabInstance: {fileID: 0}
  m_PrefabAsset: {fileID: 0}
  m_GameObject: {fileID: 8472626786329804442}
  m_LocalRotation: {x: 0, y: -0, z: -0, w: 1}
  m_LocalPosition: {x: -0, y: 0, z: 0}
  m_LocalScale: {x: 1, y: 1, z: 1}
  m_Children: []
  m_Father: {fileID: 993221791137545892}
  m_RootOrder: 0
  m_LocalEulerAnglesHint: {x: 0, y: 0, z: 0}
--- !u!1 &8490954562849329885
GameObject:
  m_ObjectHideFlags: 0
  m_CorrespondingSourceObject: {fileID: 0}
  m_PrefabInstance: {fileID: 0}
  m_PrefabAsset: {fileID: 0}
  serializedVersion: 6
  m_Component:
  - component: {fileID: 6126936453990473162}
  m_Layer: 0
  m_Name: Hips
  m_TagString: Untagged
  m_Icon: {fileID: 0}
  m_NavMeshLayer: 0
  m_StaticEditorFlags: 0
  m_IsActive: 1
--- !u!4 &6126936453990473162
Transform:
  m_ObjectHideFlags: 0
  m_CorrespondingSourceObject: {fileID: 0}
  m_PrefabInstance: {fileID: 0}
  m_PrefabAsset: {fileID: 0}
  m_GameObject: {fileID: 8490954562849329885}
  m_LocalRotation: {x: -0.043140616, y: 2.6416009e-18, z: 0.99906904, w: 6.1175333e-17}
  m_LocalPosition: {x: -0, y: 0, z: 0}
  m_LocalScale: {x: 1, y: 1, z: 1}
  m_Children:
  - {fileID: 8400911834483366808}
  - {fileID: 8847226982000616331}
  - {fileID: 5070445267457071401}
  - {fileID: 810456422243525701}
  m_Father: {fileID: 8968466160000421578}
  m_RootOrder: 0
  m_LocalEulerAnglesHint: {x: 0, y: 0, z: 0}
--- !u!1 &8758249707634869243
GameObject:
  m_ObjectHideFlags: 0
  m_CorrespondingSourceObject: {fileID: 0}
  m_PrefabInstance: {fileID: 0}
  m_PrefabAsset: {fileID: 0}
  serializedVersion: 6
  m_Component:
  - component: {fileID: 486266471700081475}
  m_Layer: 0
  m_Name: RToe
  m_TagString: Untagged
  m_Icon: {fileID: 0}
  m_NavMeshLayer: 0
  m_StaticEditorFlags: 0
  m_IsActive: 1
--- !u!4 &486266471700081475
Transform:
  m_ObjectHideFlags: 0
  m_CorrespondingSourceObject: {fileID: 0}
  m_PrefabInstance: {fileID: 0}
  m_PrefabAsset: {fileID: 0}
  m_GameObject: {fileID: 8758249707634869243}
  m_LocalRotation: {x: 0, y: -0, z: -0, w: 1}
  m_LocalPosition: {x: -0.04976, y: 0.00000008, z: -0.01064399}
  m_LocalScale: {x: 1, y: 1, z: 1}
  m_Children: []
  m_Father: {fileID: 8865643163494584475}
  m_RootOrder: 0
  m_LocalEulerAnglesHint: {x: 0, y: 0, z: 0}
--- !u!1 &8888132375661205307
GameObject:
  m_ObjectHideFlags: 0
  m_CorrespondingSourceObject: {fileID: 0}
  m_PrefabInstance: {fileID: 0}
  m_PrefabAsset: {fileID: 0}
  serializedVersion: 6
  m_Component:
  - component: {fileID: 3405617738973748806}
  - component: {fileID: 595248206632810411}
  m_Layer: 0
  m_Name: BodyA_OptMesh_0_0_node
  m_TagString: Untagged
  m_Icon: {fileID: 0}
  m_NavMeshLayer: 0
  m_StaticEditorFlags: 0
  m_IsActive: 1
--- !u!4 &3405617738973748806
Transform:
  m_ObjectHideFlags: 0
  m_CorrespondingSourceObject: {fileID: 0}
  m_PrefabInstance: {fileID: 0}
  m_PrefabAsset: {fileID: 0}
  m_GameObject: {fileID: 8888132375661205307}
  m_LocalRotation: {x: 0, y: -0, z: -0, w: 1}
  m_LocalPosition: {x: -0, y: 0, z: 0}
  m_LocalScale: {x: 1, y: 1, z: 1}
  m_Children: []
  m_Father: {fileID: 381180999202969235}
  m_RootOrder: 0
  m_LocalEulerAnglesHint: {x: 0, y: 0, z: 0}
--- !u!137 &595248206632810411
SkinnedMeshRenderer:
  m_ObjectHideFlags: 0
  m_CorrespondingSourceObject: {fileID: 0}
  m_PrefabInstance: {fileID: 0}
  m_PrefabAsset: {fileID: 0}
  m_GameObject: {fileID: 8888132375661205307}
  m_Enabled: 1
  m_CastShadows: 1
  m_ReceiveShadows: 1
  m_DynamicOccludee: 1
  m_MotionVectors: 1
  m_LightProbeUsage: 1
  m_ReflectionProbeUsage: 1
  m_RayTracingMode: 0
  m_RenderingLayerMask: 1
  m_RendererPriority: 0
  m_Materials:
  - {fileID: 2100000, guid: aafd2bd83a0f3664fbc9a395cdbd5887, type: 2}
  m_StaticBatchInfo:
    firstSubMesh: 0
    subMeshCount: 0
  m_StaticBatchRoot: {fileID: 0}
  m_ProbeAnchor: {fileID: 0}
  m_LightProbeVolumeOverride: {fileID: 0}
  m_ScaleInLightmap: 1
  m_ReceiveGI: 1
  m_PreserveUVs: 0
  m_IgnoreNormalsForChartDetection: 0
  m_ImportantGI: 0
  m_StitchLightmapSeams: 1
  m_SelectedEditorRenderState: 3
  m_MinimumChartSize: 4
  m_AutoUVMaxDistance: 0.5
  m_AutoUVMaxAngle: 89
  m_LightmapParameters: {fileID: 0}
  m_SortingLayerID: 0
  m_SortingLayer: 0
  m_SortingOrder: 0
  serializedVersion: 2
  m_Quality: 0
  m_UpdateWhenOffscreen: 1
  m_SkinnedMotionVectors: 1
  m_Mesh: {fileID: -1680122211502864464, guid: af94158c2a0215945b499d5b59931b52, type: 3}
  m_Bones:
  - {fileID: 1373173904476177310}
  - {fileID: 2029137192224075502}
  - {fileID: 8968466160000421578}
  - {fileID: 291793550209227333}
  - {fileID: 871635759120856430}
  - {fileID: 8991110894691474187}
  - {fileID: 3547981406863786469}
  - {fileID: 4957115255351105242}
  - {fileID: 3425073582467364075}
  - {fileID: 4945440646310491523}
  - {fileID: 8367423199617539452}
  - {fileID: 7975337043236048221}
  - {fileID: 6024036661237801446}
  - {fileID: 3316789574623220732}
  - {fileID: 6894630722221581094}
  - {fileID: 8292575104573485640}
  - {fileID: 881718291756701216}
  - {fileID: 8856813991630560845}
  - {fileID: 6042425914868766042}
  - {fileID: 2622888280850398189}
  - {fileID: 6126936453990473162}
  - {fileID: 8847226982000616331}
  - {fileID: 7071316978282107687}
  - {fileID: 3038834227643719016}
  - {fileID: 7131330037683763209}
  - {fileID: 5070445267457071401}
  - {fileID: 3900025235005318194}
  - {fileID: 8865643163494584475}
  - {fileID: 486266471700081475}
  - {fileID: 810456422243525701}
  - {fileID: 6220363453787381081}
  - {fileID: 1325709676018839981}
  - {fileID: 8400911834483366808}
  - {fileID: 2010776098634589879}
  - {fileID: 993221791137545892}
  - {fileID: 5848622700283262148}
  m_BlendShapeWeights: []
  m_RootBone: {fileID: 1373173904476177310}
  m_AABB:
    m_Center: {x: -0.02362214, y: 0.25536275, z: 0.014835849}
    m_Extent: {x: 0.17272063, y: 0.2780338, z: 0.15514874}
  m_DirtyAABB: 0
