%YAML 1.1
%TAG !u! tag:unity3d.com,2011:
--- !u!1 &5023368252795932
GameObject:
  m_ObjectHideFlags: 0
  m_CorrespondingSourceObject: {fileID: 0}
  m_PrefabInstance: {fileID: 0}
  m_PrefabAsset: {fileID: 0}
  serializedVersion: 6
  m_Component:
  - component: {fileID: 5664169865303657103}
  m_Layer: 0
  m_Name: Tail1
  m_TagString: Untagged
  m_Icon: {fileID: 0}
  m_NavMeshLayer: 0
  m_StaticEditorFlags: 0
  m_IsActive: 1
--- !u!4 &5664169865303657103
Transform:
  m_ObjectHideFlags: 0
  m_CorrespondingSourceObject: {fileID: 0}
  m_PrefabInstance: {fileID: 0}
  m_PrefabAsset: {fileID: 0}
  m_GameObject: {fileID: 5023368252795932}
  m_LocalRotation: {x: 0.9411431, y: -2.0697048e-17, z: 0.33800846, w: 5.762839e-17}
  m_LocalPosition: {x: -0.3016635, y: 0, z: 0.02150476}
  m_LocalScale: {x: 1, y: 1, z: 1}
  m_Children:
  - {fileID: 5489083454906724009}
  m_Father: {fileID: 6639010800563769806}
  m_RootOrder: 2
  m_LocalEulerAnglesHint: {x: 0, y: 0, z: 0}
--- !u!1 &13733072726265036
GameObject:
  m_ObjectHideFlags: 0
  m_CorrespondingSourceObject: {fileID: 0}
  m_PrefabInstance: {fileID: 0}
  m_PrefabAsset: {fileID: 0}
  serializedVersion: 6
  m_Component:
  - component: {fileID: 395245051525003036}
  m_Layer: 0
  m_Name: LForeArm
  m_TagString: Untagged
  m_Icon: {fileID: 0}
  m_NavMeshLayer: 0
  m_StaticEditorFlags: 0
  m_IsActive: 1
--- !u!4 &395245051525003036
Transform:
  m_ObjectHideFlags: 0
  m_CorrespondingSourceObject: {fileID: 0}
  m_PrefabInstance: {fileID: 0}
  m_PrefabAsset: {fileID: 0}
  m_GameObject: {fileID: 13733072726265036}
  m_LocalRotation: {x: 0, y: 0.09152725, z: -0, w: 0.9958026}
  m_LocalPosition: {x: -0.2056581, y: 0, z: 0}
  m_LocalScale: {x: 1, y: 1, z: 1}
  m_Children:
  - {fileID: 4966480295890828309}
  m_Father: {fileID: 3053659165699788804}
  m_RootOrder: 0
  m_LocalEulerAnglesHint: {x: 0, y: 0, z: 0}
--- !u!1 &395342085060925262
GameObject:
  m_ObjectHideFlags: 0
  m_CorrespondingSourceObject: {fileID: 0}
  m_PrefabInstance: {fileID: 0}
  m_PrefabAsset: {fileID: 0}
  serializedVersion: 6
  m_Component:
  - component: {fileID: 1683448250938920155}
  m_Layer: 0
  m_Name: RToe2
  m_TagString: Untagged
  m_Icon: {fileID: 0}
  m_NavMeshLayer: 0
  m_StaticEditorFlags: 0
  m_IsActive: 1
--- !u!4 &1683448250938920155
Transform:
  m_ObjectHideFlags: 0
  m_CorrespondingSourceObject: {fileID: 0}
  m_PrefabInstance: {fileID: 0}
  m_PrefabAsset: {fileID: 0}
  m_GameObject: {fileID: 395342085060925262}
  m_LocalRotation: {x: 0, y: -0.10356698, z: -0, w: 0.9946225}
  m_LocalPosition: {x: -0.023098, y: 0, z: -0.0588968}
  m_LocalScale: {x: 1, y: 1, z: 1}
  m_Children:
  - {fileID: 7977571905278959416}
  m_Father: {fileID: 8667721130222608332}
  m_RootOrder: 0
  m_LocalEulerAnglesHint: {x: 0, y: 0, z: 0}
--- !u!1 &429027338761788297
GameObject:
  m_ObjectHideFlags: 0
  m_CorrespondingSourceObject: {fileID: 0}
  m_PrefabInstance: {fileID: 0}
  m_PrefabAsset: {fileID: 0}
  serializedVersion: 6
  m_Component:
  - component: {fileID: 7241529479741688125}
  m_Layer: 0
  m_Name: RForeArm
  m_TagString: Untagged
  m_Icon: {fileID: 0}
  m_NavMeshLayer: 0
  m_StaticEditorFlags: 0
  m_IsActive: 1
--- !u!4 &7241529479741688125
Transform:
  m_ObjectHideFlags: 0
  m_CorrespondingSourceObject: {fileID: 0}
  m_PrefabInstance: {fileID: 0}
  m_PrefabAsset: {fileID: 0}
  m_GameObject: {fileID: 429027338761788297}
  m_LocalRotation: {x: 0, y: 0.09152725, z: -0, w: 0.9958026}
  m_LocalPosition: {x: -0.20565759, y: -0.00000001, z: 0.00000012999999}
  m_LocalScale: {x: 1, y: 1, z: 1}
  m_Children:
  - {fileID: 423301243133440923}
  m_Father: {fileID: 6618690448663548290}
  m_RootOrder: 0
  m_LocalEulerAnglesHint: {x: 0, y: 0, z: 0}
--- !u!1 &447508359810030925
GameObject:
  m_ObjectHideFlags: 0
  m_CorrespondingSourceObject: {fileID: 0}
  m_PrefabInstance: {fileID: 0}
  m_PrefabAsset: {fileID: 0}
  serializedVersion: 6
  m_Component:
  - component: {fileID: 309979096750818890}
  m_Layer: 0
  m_Name: RShoulder
  m_TagString: Untagged
  m_Icon: {fileID: 0}
  m_NavMeshLayer: 0
  m_StaticEditorFlags: 0
  m_IsActive: 1
--- !u!4 &309979096750818890
Transform:
  m_ObjectHideFlags: 0
  m_CorrespondingSourceObject: {fileID: 0}
  m_PrefabInstance: {fileID: 0}
  m_PrefabAsset: {fileID: 0}
  m_GameObject: {fileID: 447508359810030925}
  m_LocalRotation: {x: 0.7365819, y: -0.036198553, z: -0.67361695, w: 0.04875378}
  m_LocalPosition: {x: -0.1615745, y: 0.111375794, z: -0.05047616}
  m_LocalScale: {x: 1, y: 1, z: 1}
  m_Children:
  - {fileID: 6618690448663548290}
  m_Father: {fileID: 3265447134559883583}
  m_RootOrder: 2
  m_LocalEulerAnglesHint: {x: 0, y: 0, z: 0}
--- !u!1 &814245711759391370
GameObject:
  m_ObjectHideFlags: 0
  m_CorrespondingSourceObject: {fileID: 0}
  m_PrefabInstance: {fileID: 0}
  m_PrefabAsset: {fileID: 0}
  serializedVersion: 6
  m_Component:
  - component: {fileID: 8520888964890024431}
  m_Layer: 0
  m_Name: Head
  m_TagString: Untagged
  m_Icon: {fileID: 0}
  m_NavMeshLayer: 0
  m_StaticEditorFlags: 0
  m_IsActive: 1
--- !u!4 &8520888964890024431
Transform:
  m_ObjectHideFlags: 0
  m_CorrespondingSourceObject: {fileID: 0}
  m_PrefabInstance: {fileID: 0}
  m_PrefabAsset: {fileID: 0}
  m_GameObject: {fileID: 814245711759391370}
  m_LocalRotation: {x: -0.000000070746296, y: -0.14149259, z: -0.00000049496964, w: 0.98993933}
  m_LocalPosition: {x: -0.20013759, y: 0, z: 0}
  m_LocalScale: {x: 1, y: 1, z: 1}
  m_Children:
  - {fileID: 8026509713372370860}
  m_Father: {fileID: 4584602015131522788}
  m_RootOrder: 1
  m_LocalEulerAnglesHint: {x: 0, y: 0, z: 0}
--- !u!1 &828470027483603736
GameObject:
  m_ObjectHideFlags: 0
  m_CorrespondingSourceObject: {fileID: 0}
  m_PrefabInstance: {fileID: 0}
  m_PrefabAsset: {fileID: 0}
  serializedVersion: 6
  m_Component:
  - component: {fileID: 1586206240341081450}
  m_Layer: 0
  m_Name: LToe3
  m_TagString: Untagged
  m_Icon: {fileID: 0}
  m_NavMeshLayer: 0
  m_StaticEditorFlags: 0
  m_IsActive: 1
--- !u!4 &1586206240341081450
Transform:
  m_ObjectHideFlags: 0
  m_CorrespondingSourceObject: {fileID: 0}
  m_PrefabInstance: {fileID: 0}
  m_PrefabAsset: {fileID: 0}
  m_GameObject: {fileID: 828470027483603736}
  m_LocalRotation: {x: 0, y: 0.10356698, z: -0, w: 0.9946225}
  m_LocalPosition: {x: -0.08154661, y: 0, z: 0}
  m_LocalScale: {x: 1, y: 1, z: 1}
  m_Children: []
  m_Father: {fileID: 4243076850707398044}
  m_RootOrder: 0
  m_LocalEulerAnglesHint: {x: 0, y: 0, z: 0}
--- !u!1 &839708405869659937
GameObject:
  m_ObjectHideFlags: 0
  m_CorrespondingSourceObject: {fileID: 0}
  m_PrefabInstance: {fileID: 0}
  m_PrefabAsset: {fileID: 0}
  serializedVersion: 6
  m_Component:
  - component: {fileID: 4243076850707398044}
  m_Layer: 0
  m_Name: LToe2
  m_TagString: Untagged
  m_Icon: {fileID: 0}
  m_NavMeshLayer: 0
  m_StaticEditorFlags: 0
  m_IsActive: 1
--- !u!4 &4243076850707398044
Transform:
  m_ObjectHideFlags: 0
  m_CorrespondingSourceObject: {fileID: 0}
  m_PrefabInstance: {fileID: 0}
  m_PrefabAsset: {fileID: 0}
  m_GameObject: {fileID: 839708405869659937}
  m_LocalRotation: {x: 0, y: -0.10356698, z: -0, w: 0.9946225}
  m_LocalPosition: {x: -0.02309756, y: 0, z: -0.058896687}
  m_LocalScale: {x: 1, y: 1, z: 1}
  m_Children:
  - {fileID: 1586206240341081450}
  m_Father: {fileID: 3963836361871412438}
  m_RootOrder: 0
  m_LocalEulerAnglesHint: {x: 0, y: 0, z: 0}
--- !u!1 &955325163812300905
GameObject:
  m_ObjectHideFlags: 0
  m_CorrespondingSourceObject: {fileID: 0}
  m_PrefabInstance: {fileID: 0}
  m_PrefabAsset: {fileID: 0}
  serializedVersion: 6
  m_Component:
  - component: {fileID: 4690360739072699300}
  m_Layer: 0
  m_Name: Waist
  m_TagString: Untagged
  m_Icon: {fileID: 0}
  m_NavMeshLayer: 0
  m_StaticEditorFlags: 0
  m_IsActive: 1
--- !u!4 &4690360739072699300
Transform:
  m_ObjectHideFlags: 0
  m_CorrespondingSourceObject: {fileID: 0}
  m_PrefabInstance: {fileID: 0}
  m_PrefabAsset: {fileID: 0}
  m_GameObject: {fileID: 955325163812300905}
  m_LocalRotation: {x: 0.4871732, y: 0.48717338, z: -0.5125057, w: 0.5125059}
  m_LocalPosition: {x: -0, y: 0.58041036, z: -0.09639379}
  m_LocalScale: {x: 1, y: 1, z: 1}
  m_Children:
  - {fileID: 6639010800563769806}
  - {fileID: 8896250053641091243}
  m_Father: {fileID: 1554798766836906633}
  m_RootOrder: 0
  m_LocalEulerAnglesHint: {x: 0, y: 0, z: 0}
--- !u!1 &969987907545581205
GameObject:
  m_ObjectHideFlags: 0
  m_CorrespondingSourceObject: {fileID: 0}
  m_PrefabInstance: {fileID: 0}
  m_PrefabAsset: {fileID: 0}
  serializedVersion: 6
  m_Component:
  - component: {fileID: 4584602015131522788}
  m_Layer: 0
  m_Name: Neck
  m_TagString: Untagged
  m_Icon: {fileID: 0}
  m_NavMeshLayer: 0
  m_StaticEditorFlags: 0
  m_IsActive: 1
--- !u!4 &4584602015131522788
Transform:
  m_ObjectHideFlags: 0
  m_CorrespondingSourceObject: {fileID: 0}
  m_PrefabInstance: {fileID: 0}
  m_PrefabAsset: {fileID: 0}
  m_GameObject: {fileID: 969987907545581205}
  m_LocalRotation: {x: 0.0000000016845233, y: -0.55547744, z: 0.0000006918202, w: 0.83153164}
  m_LocalPosition: {x: -0.164088, y: 0, z: 0}
  m_LocalScale: {x: 1, y: 1, z: 1}
  m_Children:
  - {fileID: 6899534797924052029}
  - {fileID: 8520888964890024431}
  m_Father: {fileID: 3265447134559883583}
  m_RootOrder: 1
  m_LocalEulerAnglesHint: {x: 0, y: 0, z: 0}
--- !u!1 &1026616351290176438
GameObject:
  m_ObjectHideFlags: 0
  m_CorrespondingSourceObject: {fileID: 0}
  m_PrefabInstance: {fileID: 0}
  m_PrefabAsset: {fileID: 0}
  serializedVersion: 6
  m_Component:
  - component: {fileID: 5489083454906724009}
  m_Layer: 0
  m_Name: Tail2
  m_TagString: Untagged
  m_Icon: {fileID: 0}
  m_NavMeshLayer: 0
  m_StaticEditorFlags: 0
  m_IsActive: 1
--- !u!4 &5489083454906724009
Transform:
  m_ObjectHideFlags: 0
  m_CorrespondingSourceObject: {fileID: 0}
  m_PrefabInstance: {fileID: 0}
  m_PrefabAsset: {fileID: 0}
  m_GameObject: {fileID: 1026616351290176438}
  m_LocalRotation: {x: 0, y: 0.5944343, z: -0, w: 0.8041442}
  m_LocalPosition: {x: -0.2626181, y: 0, z: 0}
  m_LocalScale: {x: 1, y: 1, z: 1}
  m_Children: []
  m_Father: {fileID: 5664169865303657103}
  m_RootOrder: 0
  m_LocalEulerAnglesHint: {x: 0, y: 0, z: 0}
--- !u!1 &1105419439448060446
GameObject:
  m_ObjectHideFlags: 0
  m_CorrespondingSourceObject: {fileID: 0}
  m_PrefabInstance: {fileID: 0}
  m_PrefabAsset: {fileID: 0}
  serializedVersion: 6
  m_Component:
  - component: {fileID: 8091520860504296696}
  m_Layer: 0
  m_Name: RFeelerC
  m_TagString: Untagged
  m_Icon: {fileID: 0}
  m_NavMeshLayer: 0
  m_StaticEditorFlags: 0
  m_IsActive: 1
--- !u!4 &8091520860504296696
Transform:
  m_ObjectHideFlags: 0
  m_CorrespondingSourceObject: {fileID: 0}
  m_PrefabInstance: {fileID: 0}
  m_PrefabAsset: {fileID: 0}
  m_GameObject: {fileID: 1105419439448060446}
  m_LocalRotation: {x: -0.32818225, y: -2.0095367e-17, z: 0.94461447, w: -5.784096e-17}
  m_LocalPosition: {x: 0.030381998, y: 0, z: -0.024624}
  m_LocalScale: {x: 1, y: 1, z: 1}
  m_Children: []
  m_Father: {fileID: 3195476298330186202}
  m_RootOrder: 0
  m_LocalEulerAnglesHint: {x: 0, y: 0, z: 0}
--- !u!1 &1130020910277039898
GameObject:
  m_ObjectHideFlags: 0
  m_CorrespondingSourceObject: {fileID: 0}
  m_PrefabInstance: {fileID: 0}
  m_PrefabAsset: {fileID: 0}
  serializedVersion: 6
  m_Component:
  - component: {fileID: 2967882790595376869}
  m_Layer: 0
  m_Name: LThigh
  m_TagString: Untagged
  m_Icon: {fileID: 0}
  m_NavMeshLayer: 0
  m_StaticEditorFlags: 0
  m_IsActive: 1
--- !u!4 &2967882790595376869
Transform:
  m_ObjectHideFlags: 0
  m_CorrespondingSourceObject: {fileID: 0}
  m_PrefabInstance: {fileID: 0}
  m_PrefabAsset: {fileID: 0}
  m_GameObject: {fileID: 1130020910277039898}
  m_LocalRotation: {x: 0, y: 0.68488693, z: -0, w: 0.7286494}
  m_LocalPosition: {x: -0.1661004, y: 0.1726972, z: 0.027841138}
  m_LocalScale: {x: 1, y: 1, z: 1}
  m_Children:
  - {fileID: 4780745594263618041}
  m_Father: {fileID: 6639010800563769806}
  m_RootOrder: 0
  m_LocalEulerAnglesHint: {x: 0, y: 0, z: 0}
--- !u!1 &1448070938688604957
GameObject:
  m_ObjectHideFlags: 0
  m_CorrespondingSourceObject: {fileID: 0}
  m_PrefabInstance: {fileID: 0}
  m_PrefabAsset: {fileID: 0}
  serializedVersion: 6
  m_Component:
  - component: {fileID: 5824289810163627110}
  - component: {fileID: 832084963209901070}
  - component: {fileID: 1814834551695541894}
  - component: {fileID: 608963969956174957}
  - component: {fileID: 8342518177137849308}
  - component: {fileID: 8297496647296014208}
  - component: {fileID: 6643802047102847499}
  m_Layer: 15
  m_Name: Manectric
  m_TagString: Untagged
  m_Icon: {fileID: 0}
  m_NavMeshLayer: 0
  m_StaticEditorFlags: 0
  m_IsActive: 1
--- !u!4 &5824289810163627110
Transform:
  m_ObjectHideFlags: 0
  m_CorrespondingSourceObject: {fileID: 0}
  m_PrefabInstance: {fileID: 0}
  m_PrefabAsset: {fileID: 0}
  m_GameObject: {fileID: 1448070938688604957}
  m_LocalRotation: {x: 0, y: 0, z: 0, w: 1}
  m_LocalPosition: {x: 0, y: 0, z: 0}
  m_LocalScale: {x: 1, y: 1, z: 1}
  m_Children:
  - {fileID: 220413637458491242}
  m_Father: {fileID: 0}
  m_RootOrder: 0
  m_LocalEulerAnglesHint: {x: 0, y: 0, z: 0}
--- !u!136 &832084963209901070
CapsuleCollider:
  m_ObjectHideFlags: 0
  m_CorrespondingSourceObject: {fileID: 0}
  m_PrefabInstance: {fileID: 0}
  m_PrefabAsset: {fileID: 0}
  m_GameObject: {fileID: 1448070938688604957}
  m_Material: {fileID: 13400000, guid: c2815a7ab32e42c4bb42f59caacb8ec1, type: 2}
  m_IsTrigger: 0
  m_Enabled: 1
  m_Radius: 0.6
  m_Height: 0
  m_Direction: 1
  m_Center: {x: 0, y: 0.6, z: 0}
--- !u!54 &1814834551695541894
Rigidbody:
  m_ObjectHideFlags: 0
  m_CorrespondingSourceObject: {fileID: 0}
  m_PrefabInstance: {fileID: 0}
  m_PrefabAsset: {fileID: 0}
  m_GameObject: {fileID: 1448070938688604957}
  serializedVersion: 2
  m_Mass: 1
  m_Drag: 0.4
  m_AngularDrag: 0
  m_UseGravity: 1
  m_IsKinematic: 0
  m_Interpolate: 0
  m_Constraints: 112
  m_CollisionDetection: 0
--- !u!114 &608963969956174957
MonoBehaviour:
  m_ObjectHideFlags: 0
  m_CorrespondingSourceObject: {fileID: 0}
  m_PrefabInstance: {fileID: 0}
  m_PrefabAsset: {fileID: 0}
  m_GameObject: {fileID: 1448070938688604957}
  m_Enabled: 1
  m_EditorHideFlags: 0
  m_Script: {fileID: 11500000, guid: f470f4d3f675b9d4f8a0e21a856fc913, type: 3}
  m_Name: 
  m_EditorClassIdentifier: 
--- !u!114 &8342518177137849308
MonoBehaviour:
  m_ObjectHideFlags: 0
  m_CorrespondingSourceObject: {fileID: 0}
  m_PrefabInstance: {fileID: 0}
  m_PrefabAsset: {fileID: 0}
  m_GameObject: {fileID: 1448070938688604957}
  m_Enabled: 1
  m_EditorHideFlags: 0
  m_Script: {fileID: 11500000, guid: 1aa395343a6de9c4caefcc5c2f9f89b3, type: 3}
  m_Name: 
  m_EditorClassIdentifier: 
--- !u!114 &8297496647296014208
MonoBehaviour:
  m_ObjectHideFlags: 0
  m_CorrespondingSourceObject: {fileID: 0}
  m_PrefabInstance: {fileID: 0}
  m_PrefabAsset: {fileID: 0}
  m_GameObject: {fileID: 1448070938688604957}
  m_Enabled: 1
  m_EditorHideFlags: 0
  m_Script: {fileID: 11500000, guid: e1c72a442599b2f49b9f471be7b41624, type: 3}
  m_Name: 
  m_EditorClassIdentifier: 
--- !u!114 &6643802047102847499
MonoBehaviour:
  m_ObjectHideFlags: 0
  m_CorrespondingSourceObject: {fileID: 0}
  m_PrefabInstance: {fileID: 0}
  m_PrefabAsset: {fileID: 0}
  m_GameObject: {fileID: 1448070938688604957}
  m_Enabled: 1
  m_EditorHideFlags: 0
  m_Script: {fileID: 11500000, guid: 8a6f186a7b864354e8aca530d415879e, type: 3}
  m_Name: 
  m_EditorClassIdentifier: 
  maxWalkSpeed: 3
  turnSmoothing: 15
  runSpeedMultiplier: 1.5
  airControl: 0.2
  flyWhenWalking: 0
  flyWhenRunning: 0
  alwaysVisible: 0
  head: {fileID: 8520888964890024431}
  headInteractPoint: {x: -0.5, y: 0, z: 0.17}
  headOffset: -0
  lookAtPlayer: 0
  eyes: {fileID: 5169295867349731463}
  mouth: {fileID: 0}
  effects: {fileID: 11400000, guid: 258dd79d9fedd994e8dfb481f6aca5dc, type: 2}
  handleAnimation: 1
  dungeonScale: 1
  animationClips:
  - {fileID: 7400000, guid: 503a0da414598a5438bb1279e671e607, type: 2}
  - {fileID: 7400000, guid: a6359aac6997b2e49ae77df1ca6dec1a, type: 2}
  - {fileID: 7400000, guid: 2f80bcde977777e4f82777b3bc0efa05, type: 2}
  - {fileID: 7400000, guid: 8c9c84777978d3940aaebb3b645c557b, type: 2}
  - {fileID: 7400000, guid: d1d7ccf8cf9bdc940948c93c61bcb303, type: 2}
  - {fileID: 7400000, guid: 195f17803be07a245b9445503d5bb3a7, type: 2}
  - {fileID: 7400000, guid: ef199f63cf76700448502c1ff0fbb172, type: 2}
  - {fileID: 7400000, guid: 40f40f4d4d460324593eca10203f313d, type: 2}
  - {fileID: 7400000, guid: 7ab53583218579840abedd011d8e004e, type: 2}
  - {fileID: 7400000, guid: 0c34f76a08f585344a8752093d6119b6, type: 2}
  - {fileID: 7400000, guid: c5368bddabe2a1743a6b379f5e27986a, type: 2}
  - {fileID: 7400000, guid: 3f9709ba57ef03e4eb7a1de57e76fec1, type: 2}
  - {fileID: 7400000, guid: c3edef6e5fb73b947a55b04d86936332, type: 2}
  - {fileID: 7400000, guid: c2ebe0f7e5c525744b66db10b67cfa22, type: 2}
  - {fileID: 7400000, guid: b42795eb5f076d34ebc10b3e0ae9a681, type: 2}
  - {fileID: 7400000, guid: a75def73c0772d045b3d33f20ff3e6e5, type: 2}
  - {fileID: 7400000, guid: b985388933c0396488b40a22ef4f0de8, type: 2}
  - {fileID: 7400000, guid: 639e183ba833d4647a080f212deecc1f, type: 2}
  - {fileID: 7400000, guid: 9522e96ac5872914a8dffb1a4a71b8b7, type: 2}
  - {fileID: 7400000, guid: 015c00cf78df94847b2ca31f567f5bfb, type: 2}
  - {fileID: 7400000, guid: 505e2a46dfa49b14db81dc2fb90c9fa3, type: 2}
  - {fileID: 7400000, guid: 1b2b011f9f8de984ea085c0e041f1842, type: 2}
  - {fileID: 7400000, guid: ae5d1333121018848ab3dfe48fb40450, type: 2}
  - {fileID: 7400000, guid: 71eb701869ef7fa49a90b6759d7744c7, type: 2}
--- !u!1 &1462036830833572988
GameObject:
  m_ObjectHideFlags: 0
  m_CorrespondingSourceObject: {fileID: 0}
  m_PrefabInstance: {fileID: 0}
  m_PrefabAsset: {fileID: 0}
  serializedVersion: 6
  m_Component:
  - component: {fileID: 8896250053641091243}
  m_Layer: 0
  m_Name: Spine1
  m_TagString: Untagged
  m_Icon: {fileID: 0}
  m_NavMeshLayer: 0
  m_StaticEditorFlags: 0
  m_IsActive: 1
--- !u!4 &8896250053641091243
Transform:
  m_ObjectHideFlags: 0
  m_CorrespondingSourceObject: {fileID: 0}
  m_PrefabInstance: {fileID: 0}
  m_PrefabAsset: {fileID: 0}
  m_GameObject: {fileID: 1462036830833572988}
  m_LocalRotation: {x: 0, y: -0, z: -0, w: 1}
  m_LocalPosition: {x: -0, y: 0, z: 0}
  m_LocalScale: {x: 1, y: 1, z: 1}
  m_Children:
  - {fileID: 3265447134559883583}
  m_Father: {fileID: 4690360739072699300}
  m_RootOrder: 1
  m_LocalEulerAnglesHint: {x: 0, y: 0, z: 0}
--- !u!1 &1541611770251802776
GameObject:
  m_ObjectHideFlags: 0
  m_CorrespondingSourceObject: {fileID: 0}
  m_PrefabInstance: {fileID: 0}
  m_PrefabAsset: {fileID: 0}
  serializedVersion: 6
  m_Component:
  - component: {fileID: 3944024447514877866}
  m_Layer: 0
  m_Name: pm0310_00_BodySkin
  m_TagString: Untagged
  m_Icon: {fileID: 0}
  m_NavMeshLayer: 0
  m_StaticEditorFlags: 0
  m_IsActive: 1
--- !u!4 &3944024447514877866
Transform:
  m_ObjectHideFlags: 0
  m_CorrespondingSourceObject: {fileID: 0}
  m_PrefabInstance: {fileID: 0}
  m_PrefabAsset: {fileID: 0}
  m_GameObject: {fileID: 1541611770251802776}
  m_LocalRotation: {x: 0, y: -0, z: -0, w: 1}
  m_LocalPosition: {x: -0, y: 0, z: 0}
  m_LocalScale: {x: 1, y: 1, z: 1}
  m_Children: []
  m_Father: {fileID: 1462907514289125916}
  m_RootOrder: 1
  m_LocalEulerAnglesHint: {x: 0, y: 0, z: 0}
--- !u!1 &1628801078194374525
GameObject:
  m_ObjectHideFlags: 0
  m_CorrespondingSourceObject: {fileID: 0}
  m_PrefabInstance: {fileID: 0}
  m_PrefabAsset: {fileID: 0}
  serializedVersion: 6
  m_Component:
  - component: {fileID: 4780745594263618041}
  m_Layer: 0
  m_Name: LLeg
  m_TagString: Untagged
  m_Icon: {fileID: 0}
  m_NavMeshLayer: 0
  m_StaticEditorFlags: 0
  m_IsActive: 1
--- !u!4 &4780745594263618041
Transform:
  m_ObjectHideFlags: 0
  m_CorrespondingSourceObject: {fileID: 0}
  m_PrefabInstance: {fileID: 0}
  m_PrefabAsset: {fileID: 0}
  m_GameObject: {fileID: 1628801078194374525}
  m_LocalRotation: {x: 0, y: -0.4463604, z: -0, w: 0.8948533}
  m_LocalPosition: {x: -0.1502695, y: 0, z: 0}
  m_LocalScale: {x: 1, y: 1, z: 1}
  m_Children:
  - {fileID: 1269627732020691825}
  m_Father: {fileID: 2967882790595376869}
  m_RootOrder: 0
  m_LocalEulerAnglesHint: {x: 0, y: 0, z: 0}
--- !u!1 &1644738801262821819
GameObject:
  m_ObjectHideFlags: 0
  m_CorrespondingSourceObject: {fileID: 0}
  m_PrefabInstance: {fileID: 0}
  m_PrefabAsset: {fileID: 0}
  serializedVersion: 6
  m_Component:
  - component: {fileID: 3053659165699788804}
  m_Layer: 0
  m_Name: LArm
  m_TagString: Untagged
  m_Icon: {fileID: 0}
  m_NavMeshLayer: 0
  m_StaticEditorFlags: 0
  m_IsActive: 1
--- !u!4 &3053659165699788804
Transform:
  m_ObjectHideFlags: 0
  m_CorrespondingSourceObject: {fileID: 0}
  m_PrefabInstance: {fileID: 0}
  m_PrefabAsset: {fileID: 0}
  m_GameObject: {fileID: 1644738801262821819}
  m_LocalRotation: {x: -0.001201826, y: -0.17039464, z: 0.060710814, w: 0.98350316}
  m_LocalPosition: {x: -0.14920709, y: 0, z: 0}
  m_LocalScale: {x: 1, y: 1, z: 1}
  m_Children:
  - {fileID: 395245051525003036}
  m_Father: {fileID: 6921748306255123454}
  m_RootOrder: 0
  m_LocalEulerAnglesHint: {x: 0, y: 0, z: 0}
--- !u!1 &1769420182951224651
GameObject:
  m_ObjectHideFlags: 0
  m_CorrespondingSourceObject: {fileID: 0}
  m_PrefabInstance: {fileID: 0}
  m_PrefabAsset: {fileID: 0}
  serializedVersion: 6
  m_Component:
  - component: {fileID: 1269627732020691825}
  m_Layer: 0
  m_Name: LFoot
  m_TagString: Untagged
  m_Icon: {fileID: 0}
  m_NavMeshLayer: 0
  m_StaticEditorFlags: 0
  m_IsActive: 1
--- !u!4 &1269627732020691825
Transform:
  m_ObjectHideFlags: 0
  m_CorrespondingSourceObject: {fileID: 0}
  m_PrefabInstance: {fileID: 0}
  m_PrefabAsset: {fileID: 0}
  m_GameObject: {fileID: 1769420182951224651}
  m_LocalRotation: {x: 7.6257145e-17, y: 0.9577407, z: -7.6257145e-17, w: 0.287633}
  m_LocalPosition: {x: -0.14651969, y: 0, z: 0}
  m_LocalScale: {x: 1, y: 1, z: 1}
  m_Children:
  - {fileID: 2322689286351640932}
  - {fileID: 3963836361871412438}
  m_Father: {fileID: 4780745594263618041}
  m_RootOrder: 0
  m_LocalEulerAnglesHint: {x: 0, y: 0, z: 0}
--- !u!1 &1805889484733071857
GameObject:
  m_ObjectHideFlags: 0
  m_CorrespondingSourceObject: {fileID: 0}
  m_PrefabInstance: {fileID: 0}
  m_PrefabAsset: {fileID: 0}
  serializedVersion: 6
  m_Component:
  - component: {fileID: 1557822093341062084}
  m_Layer: 0
  m_Name: RThigh
  m_TagString: Untagged
  m_Icon: {fileID: 0}
  m_NavMeshLayer: 0
  m_StaticEditorFlags: 0
  m_IsActive: 1
--- !u!4 &1557822093341062084
Transform:
  m_ObjectHideFlags: 0
  m_CorrespondingSourceObject: {fileID: 0}
  m_PrefabInstance: {fileID: 0}
  m_PrefabAsset: {fileID: 0}
  m_GameObject: {fileID: 1805889484733071857}
  m_LocalRotation: {x: 0, y: 0.68488693, z: -0, w: 0.7286494}
  m_LocalPosition: {x: -0.16610019, y: -0.172697, z: 0.02784144}
  m_LocalScale: {x: 1, y: 1, z: 1}
  m_Children:
  - {fileID: 3348841879646333098}
  m_Father: {fileID: 6639010800563769806}
  m_RootOrder: 1
  m_LocalEulerAnglesHint: {x: 0, y: 0, z: 0}
--- !u!1 &1934957942799576997
GameObject:
  m_ObjectHideFlags: 0
  m_CorrespondingSourceObject: {fileID: 0}
  m_PrefabInstance: {fileID: 0}
  m_PrefabAsset: {fileID: 0}
  serializedVersion: 6
  m_Component:
  - component: {fileID: 4841167103319056049}
  - component: {fileID: 8934645349939559110}
  m_Layer: 0
  m_Name: BodyVco01_OptMesh_7_0_node
  m_TagString: Untagged
  m_Icon: {fileID: 0}
  m_NavMeshLayer: 0
  m_StaticEditorFlags: 0
  m_IsActive: 1
--- !u!4 &4841167103319056049
Transform:
  m_ObjectHideFlags: 0
  m_CorrespondingSourceObject: {fileID: 0}
  m_PrefabInstance: {fileID: 0}
  m_PrefabAsset: {fileID: 0}
  m_GameObject: {fileID: 1934957942799576997}
  m_LocalRotation: {x: 0, y: -0, z: -0, w: 1}
  m_LocalPosition: {x: -0, y: 0, z: 0}
  m_LocalScale: {x: 1, y: 1, z: 1}
  m_Children: []
  m_Father: {fileID: 220413637458491242}
  m_RootOrder: 6
  m_LocalEulerAnglesHint: {x: 0, y: 0, z: 0}
--- !u!137 &8934645349939559110
SkinnedMeshRenderer:
  m_ObjectHideFlags: 0
  m_CorrespondingSourceObject: {fileID: 0}
  m_PrefabInstance: {fileID: 0}
  m_PrefabAsset: {fileID: 0}
  m_GameObject: {fileID: 1934957942799576997}
  m_Enabled: 1
  m_CastShadows: 1
  m_ReceiveShadows: 1
  m_DynamicOccludee: 1
  m_MotionVectors: 1
  m_LightProbeUsage: 1
  m_ReflectionProbeUsage: 1
  m_RayTracingMode: 0
  m_RenderingLayerMask: 1
  m_RendererPriority: 0
  m_Materials:
  - {fileID: 2100000, guid: 860559be3ca33f842b024a0b88ff9374, type: 2}
  m_StaticBatchInfo:
    firstSubMesh: 0
    subMeshCount: 0
  m_StaticBatchRoot: {fileID: 0}
  m_ProbeAnchor: {fileID: 0}
  m_LightProbeVolumeOverride: {fileID: 0}
  m_ScaleInLightmap: 1
  m_ReceiveGI: 1
  m_PreserveUVs: 0
  m_IgnoreNormalsForChartDetection: 0
  m_ImportantGI: 0
  m_StitchLightmapSeams: 1
  m_SelectedEditorRenderState: 3
  m_MinimumChartSize: 4
  m_AutoUVMaxDistance: 0.5
  m_AutoUVMaxAngle: 89
  m_LightmapParameters: {fileID: 0}
  m_SortingLayerID: 0
  m_SortingLayer: 0
  m_SortingOrder: 0
  serializedVersion: 2
  m_Quality: 0
  m_UpdateWhenOffscreen: 1
  m_SkinnedMotionVectors: 1
  m_Mesh: {fileID: 4444905389039476213, guid: 3a5193147cb4d0a4b802f4a93b6aab1a, type: 3}
  m_Bones:
  - {fileID: 1462907514289125916}
  - {fileID: 1554798766836906633}
  - {fileID: 4690360739072699300}
  - {fileID: 8896250053641091243}
  - {fileID: 3265447134559883583}
  - {fileID: 4584602015131522788}
  - {fileID: 8520888964890024431}
  - {fileID: 8026509713372370860}
  - {fileID: 6899534797924052029}
  - {fileID: 6921748306255123454}
  - {fileID: 3053659165699788804}
  - {fileID: 395245051525003036}
  - {fileID: 4966480295890828309}
  - {fileID: 8080248074585751279}
  - {fileID: 1075028160650558902}
  - {fileID: 309979096750818890}
  - {fileID: 6618690448663548290}
  - {fileID: 7241529479741688125}
  - {fileID: 423301243133440923}
  - {fileID: 4046114195419031269}
  - {fileID: 668611794458437562}
  - {fileID: 6639010800563769806}
  - {fileID: 2967882790595376869}
  - {fileID: 4780745594263618041}
  - {fileID: 1269627732020691825}
  - {fileID: 2322689286351640932}
  - {fileID: 3963836361871412438}
  - {fileID: 4243076850707398044}
  - {fileID: 1586206240341081450}
  - {fileID: 1557822093341062084}
  - {fileID: 3348841879646333098}
  - {fileID: 3195476298330186202}
  - {fileID: 8091520860504296696}
  - {fileID: 8667721130222608332}
  - {fileID: 1683448250938920155}
  - {fileID: 7977571905278959416}
  - {fileID: 5664169865303657103}
  - {fileID: 5489083454906724009}
  - {fileID: 3944024447514877866}
  m_BlendShapeWeights: []
  m_RootBone: {fileID: 1462907514289125916}
  m_AABB:
    m_Center: {x: 0.00000010430813, y: 0.6140577, z: -0.13359612}
    m_Extent: {x: 0.28245926, y: 0.5604674, z: 0.6479077}
  m_DirtyAABB: 0
--- !u!1 &2024042930119871351
GameObject:
  m_ObjectHideFlags: 0
  m_CorrespondingSourceObject: {fileID: 0}
  m_PrefabInstance: {fileID: 0}
  m_PrefabAsset: {fileID: 0}
  serializedVersion: 6
  m_Component:
  - component: {fileID: 4179185927404623494}
  - component: {fileID: 5169295867349731463}
  m_Layer: 0
  m_Name: Eye_OptMesh_1_0_node
  m_TagString: Untagged
  m_Icon: {fileID: 0}
  m_NavMeshLayer: 0
  m_StaticEditorFlags: 0
  m_IsActive: 1
--- !u!4 &4179185927404623494
Transform:
  m_ObjectHideFlags: 0
  m_CorrespondingSourceObject: {fileID: 0}
  m_PrefabInstance: {fileID: 0}
  m_PrefabAsset: {fileID: 0}
  m_GameObject: {fileID: 2024042930119871351}
  m_LocalRotation: {x: 0, y: -0, z: -0, w: 1}
  m_LocalPosition: {x: -0, y: 0, z: 0}
  m_LocalScale: {x: 1, y: 1, z: 1}
  m_Children: []
  m_Father: {fileID: 220413637458491242}
  m_RootOrder: 7
  m_LocalEulerAnglesHint: {x: 0, y: 0, z: 0}
--- !u!137 &5169295867349731463
SkinnedMeshRenderer:
  m_ObjectHideFlags: 0
  m_CorrespondingSourceObject: {fileID: 0}
  m_PrefabInstance: {fileID: 0}
  m_PrefabAsset: {fileID: 0}
  m_GameObject: {fileID: 2024042930119871351}
  m_Enabled: 1
  m_CastShadows: 1
  m_ReceiveShadows: 1
  m_DynamicOccludee: 1
  m_MotionVectors: 1
  m_LightProbeUsage: 1
  m_ReflectionProbeUsage: 1
  m_RayTracingMode: 0
  m_RenderingLayerMask: 1
  m_RendererPriority: 0
  m_Materials:
  - {fileID: 2100000, guid: a0c53ef8042bbc84cad6847056f1ef88, type: 2}
  m_StaticBatchInfo:
    firstSubMesh: 0
    subMeshCount: 0
  m_StaticBatchRoot: {fileID: 0}
  m_ProbeAnchor: {fileID: 0}
  m_LightProbeVolumeOverride: {fileID: 0}
  m_ScaleInLightmap: 1
  m_ReceiveGI: 1
  m_PreserveUVs: 0
  m_IgnoreNormalsForChartDetection: 0
  m_ImportantGI: 0
  m_StitchLightmapSeams: 1
  m_SelectedEditorRenderState: 3
  m_MinimumChartSize: 4
  m_AutoUVMaxDistance: 0.5
  m_AutoUVMaxAngle: 89
  m_LightmapParameters: {fileID: 0}
  m_SortingLayerID: 0
  m_SortingLayer: 0
  m_SortingOrder: 0
  serializedVersion: 2
  m_Quality: 0
  m_UpdateWhenOffscreen: 1
  m_SkinnedMotionVectors: 1
  m_Mesh: {fileID: -4298397931589109549, guid: 3a5193147cb4d0a4b802f4a93b6aab1a, type: 3}
  m_Bones:
  - {fileID: 1462907514289125916}
  - {fileID: 1554798766836906633}
  - {fileID: 4690360739072699300}
  - {fileID: 8896250053641091243}
  - {fileID: 3265447134559883583}
  - {fileID: 4584602015131522788}
  - {fileID: 8520888964890024431}
  - {fileID: 8026509713372370860}
  - {fileID: 6899534797924052029}
  - {fileID: 6921748306255123454}
  - {fileID: 3053659165699788804}
  - {fileID: 395245051525003036}
  - {fileID: 4966480295890828309}
  - {fileID: 8080248074585751279}
  - {fileID: 1075028160650558902}
  - {fileID: 309979096750818890}
  - {fileID: 6618690448663548290}
  - {fileID: 7241529479741688125}
  - {fileID: 423301243133440923}
  - {fileID: 4046114195419031269}
  - {fileID: 668611794458437562}
  - {fileID: 6639010800563769806}
  - {fileID: 2967882790595376869}
  - {fileID: 4780745594263618041}
  - {fileID: 1269627732020691825}
  - {fileID: 2322689286351640932}
  - {fileID: 3963836361871412438}
  - {fileID: 4243076850707398044}
  - {fileID: 1586206240341081450}
  - {fileID: 1557822093341062084}
  - {fileID: 3348841879646333098}
  - {fileID: 3195476298330186202}
  - {fileID: 8091520860504296696}
  - {fileID: 8667721130222608332}
  - {fileID: 1683448250938920155}
  - {fileID: 7977571905278959416}
  - {fileID: 5664169865303657103}
  - {fileID: 5489083454906724009}
  - {fileID: 3944024447514877866}
  m_BlendShapeWeights: []
  m_RootBone: {fileID: 1462907514289125916}
  m_AABB:
    m_Center: {x: 0.000000014901161, y: 0.93528193, z: 0.38706648}
    m_Extent: {x: 0.17995302, y: 0.053961992, z: 0.08059046}
  m_DirtyAABB: 0
--- !u!1 &2381547420774264575
GameObject:
  m_ObjectHideFlags: 0
  m_CorrespondingSourceObject: {fileID: 0}
  m_PrefabInstance: {fileID: 0}
  m_PrefabAsset: {fileID: 0}
  serializedVersion: 6
  m_Component:
  - component: {fileID: 8667721130222608332}
  m_Layer: 0
  m_Name: RToe1
  m_TagString: Untagged
  m_Icon: {fileID: 0}
  m_NavMeshLayer: 0
  m_StaticEditorFlags: 0
  m_IsActive: 1
--- !u!4 &8667721130222608332
Transform:
  m_ObjectHideFlags: 0
  m_CorrespondingSourceObject: {fileID: 0}
  m_PrefabInstance: {fileID: 0}
  m_PrefabAsset: {fileID: 0}
  m_GameObject: {fileID: 2381547420774264575}
  m_LocalRotation: {x: 0, y: -0, z: -0, w: 1}
  m_LocalPosition: {x: -0.01401399, y: 0, z: -0.218826}
  m_LocalScale: {x: 1, y: 1, z: 1}
  m_Children:
  - {fileID: 1683448250938920155}
  m_Father: {fileID: 3195476298330186202}
  m_RootOrder: 1
  m_LocalEulerAnglesHint: {x: 0, y: 0, z: 0}
--- !u!1 &2812255988610133170
GameObject:
  m_ObjectHideFlags: 0
  m_CorrespondingSourceObject: {fileID: 0}
  m_PrefabInstance: {fileID: 0}
  m_PrefabAsset: {fileID: 0}
  serializedVersion: 6
  m_Component:
  - component: {fileID: 668611794458437562}
  m_Layer: 0
  m_Name: RFeelerB
  m_TagString: Untagged
  m_Icon: {fileID: 0}
  m_NavMeshLayer: 0
  m_StaticEditorFlags: 0
  m_IsActive: 1
--- !u!4 &668611794458437562
Transform:
  m_ObjectHideFlags: 0
  m_CorrespondingSourceObject: {fileID: 0}
  m_PrefabInstance: {fileID: 0}
  m_PrefabAsset: {fileID: 0}
  m_GameObject: {fileID: 2812255988610133170}
  m_LocalRotation: {x: -0.5838762, y: 3.5752106e-17, z: 0.8118428, w: 4.9711034e-17}
  m_LocalPosition: {x: -0.011569, y: 0, z: -0.0500295}
  m_LocalScale: {x: 1, y: 1, z: 1}
  m_Children: []
  m_Father: {fileID: 423301243133440923}
  m_RootOrder: 0
  m_LocalEulerAnglesHint: {x: 0, y: 0, z: 0}
--- !u!1 &2823046309344047336
GameObject:
  m_ObjectHideFlags: 0
  m_CorrespondingSourceObject: {fileID: 0}
  m_PrefabInstance: {fileID: 0}
  m_PrefabAsset: {fileID: 0}
  serializedVersion: 6
  m_Component:
  - component: {fileID: 6921748306255123454}
  m_Layer: 0
  m_Name: LShoulder
  m_TagString: Untagged
  m_Icon: {fileID: 0}
  m_NavMeshLayer: 0
  m_StaticEditorFlags: 0
  m_IsActive: 1
--- !u!4 &6921748306255123454
Transform:
  m_ObjectHideFlags: 0
  m_CorrespondingSourceObject: {fileID: 0}
  m_PrefabInstance: {fileID: 0}
  m_PrefabAsset: {fileID: 0}
  m_GameObject: {fileID: 2823046309344047336}
  m_LocalRotation: {x: 0.7365819, y: 0.036199648, z: -0.67361706, w: -0.04875278}
  m_LocalPosition: {x: -0.1615744, y: -0.1113766, z: -0.050476298}
  m_LocalScale: {x: 1, y: 1, z: 1}
  m_Children:
  - {fileID: 3053659165699788804}
  m_Father: {fileID: 3265447134559883583}
  m_RootOrder: 0
  m_LocalEulerAnglesHint: {x: 0, y: 0, z: 0}
--- !u!1 &2957002657868775578
GameObject:
  m_ObjectHideFlags: 0
  m_CorrespondingSourceObject: {fileID: 0}
  m_PrefabInstance: {fileID: 0}
  m_PrefabAsset: {fileID: 0}
  serializedVersion: 6
  m_Component:
  - component: {fileID: 6899534797924052029}
  m_Layer: 0
  m_Name: FeelerA
  m_TagString: Untagged
  m_Icon: {fileID: 0}
  m_NavMeshLayer: 0
  m_StaticEditorFlags: 0
  m_IsActive: 1
--- !u!4 &6899534797924052029
Transform:
  m_ObjectHideFlags: 0
  m_CorrespondingSourceObject: {fileID: 0}
  m_PrefabInstance: {fileID: 0}
  m_PrefabAsset: {fileID: 0}
  m_GameObject: {fileID: 2957002657868775578}
  m_LocalRotation: {x: -0.0000004982743, y: 0.75057966, z: 0.00000073336935, w: 0.66077995}
  m_LocalPosition: {x: 0.01474091, y: -0.00000003, z: 0.1253365}
  m_LocalScale: {x: 1, y: 1, z: 1}
  m_Children: []
  m_Father: {fileID: 4584602015131522788}
  m_RootOrder: 0
  m_LocalEulerAnglesHint: {x: 0, y: 0, z: 0}
--- !u!1 &3306646112994743791
GameObject:
  m_ObjectHideFlags: 0
  m_CorrespondingSourceObject: {fileID: 0}
  m_PrefabInstance: {fileID: 0}
  m_PrefabAsset: {fileID: 0}
  serializedVersion: 6
  m_Component:
  - component: {fileID: 8781085840978947607}
  - component: {fileID: 7248876547808713345}
  m_Layer: 0
  m_Name: Body00_OptMesh_2_0_node
  m_TagString: Untagged
  m_Icon: {fileID: 0}
  m_NavMeshLayer: 0
  m_StaticEditorFlags: 0
  m_IsActive: 1
--- !u!4 &8781085840978947607
Transform:
  m_ObjectHideFlags: 0
  m_CorrespondingSourceObject: {fileID: 0}
  m_PrefabInstance: {fileID: 0}
  m_PrefabAsset: {fileID: 0}
  m_GameObject: {fileID: 3306646112994743791}
  m_LocalRotation: {x: 0, y: -0, z: -0, w: 1}
  m_LocalPosition: {x: -0, y: 0, z: 0}
  m_LocalScale: {x: 1, y: 1, z: 1}
  m_Children: []
  m_Father: {fileID: 220413637458491242}
  m_RootOrder: 0
  m_LocalEulerAnglesHint: {x: 0, y: 0, z: 0}
--- !u!137 &7248876547808713345
SkinnedMeshRenderer:
  m_ObjectHideFlags: 0
  m_CorrespondingSourceObject: {fileID: 0}
  m_PrefabInstance: {fileID: 0}
  m_PrefabAsset: {fileID: 0}
  m_GameObject: {fileID: 3306646112994743791}
  m_Enabled: 1
  m_CastShadows: 1
  m_ReceiveShadows: 1
  m_DynamicOccludee: 1
  m_MotionVectors: 1
  m_LightProbeUsage: 1
  m_ReflectionProbeUsage: 1
  m_RayTracingMode: 0
  m_RenderingLayerMask: 1
  m_RendererPriority: 0
  m_Materials:
  - {fileID: 2100000, guid: 860559be3ca33f842b024a0b88ff9374, type: 2}
  m_StaticBatchInfo:
    firstSubMesh: 0
    subMeshCount: 0
  m_StaticBatchRoot: {fileID: 0}
  m_ProbeAnchor: {fileID: 0}
  m_LightProbeVolumeOverride: {fileID: 0}
  m_ScaleInLightmap: 1
  m_ReceiveGI: 1
  m_PreserveUVs: 0
  m_IgnoreNormalsForChartDetection: 0
  m_ImportantGI: 0
  m_StitchLightmapSeams: 1
  m_SelectedEditorRenderState: 3
  m_MinimumChartSize: 4
  m_AutoUVMaxDistance: 0.5
  m_AutoUVMaxAngle: 89
  m_LightmapParameters: {fileID: 0}
  m_SortingLayerID: 0
  m_SortingLayer: 0
  m_SortingOrder: 0
  serializedVersion: 2
  m_Quality: 0
  m_UpdateWhenOffscreen: 1
  m_SkinnedMotionVectors: 1
  m_Mesh: {fileID: -5301184724457210689, guid: 3a5193147cb4d0a4b802f4a93b6aab1a, type: 3}
  m_Bones:
  - {fileID: 1462907514289125916}
  - {fileID: 1554798766836906633}
  - {fileID: 4690360739072699300}
  - {fileID: 8896250053641091243}
  - {fileID: 3265447134559883583}
  - {fileID: 4584602015131522788}
  - {fileID: 8520888964890024431}
  - {fileID: 8026509713372370860}
  - {fileID: 6899534797924052029}
  - {fileID: 6921748306255123454}
  - {fileID: 3053659165699788804}
  - {fileID: 395245051525003036}
  - {fileID: 4966480295890828309}
  - {fileID: 8080248074585751279}
  - {fileID: 1075028160650558902}
  - {fileID: 309979096750818890}
  - {fileID: 6618690448663548290}
  - {fileID: 7241529479741688125}
  - {fileID: 423301243133440923}
  - {fileID: 4046114195419031269}
  - {fileID: 668611794458437562}
  - {fileID: 6639010800563769806}
  - {fileID: 2967882790595376869}
  - {fileID: 4780745594263618041}
  - {fileID: 1269627732020691825}
  - {fileID: 2322689286351640932}
  - {fileID: 3963836361871412438}
  - {fileID: 4243076850707398044}
  - {fileID: 1586206240341081450}
  - {fileID: 1557822093341062084}
  - {fileID: 3348841879646333098}
  - {fileID: 3195476298330186202}
  - {fileID: 8091520860504296696}
  - {fileID: 8667721130222608332}
  - {fileID: 1683448250938920155}
  - {fileID: 7977571905278959416}
  - {fileID: 5664169865303657103}
  - {fileID: 5489083454906724009}
  - {fileID: 3944024447514877866}
  m_BlendShapeWeights: []
  m_RootBone: {fileID: 1462907514289125916}
  m_AABB:
    m_Center: {x: -0.000000029802322, y: 1.1261556, z: 0.30568135}
    m_Extent: {x: 0.24730836, y: 0.42393082, z: 0.3373397}
  m_DirtyAABB: 0
--- !u!1 &3685756235335984393
GameObject:
  m_ObjectHideFlags: 0
  m_CorrespondingSourceObject: {fileID: 0}
  m_PrefabInstance: {fileID: 0}
  m_PrefabAsset: {fileID: 0}
  serializedVersion: 6
  m_Component:
  - component: {fileID: 7977571905278959416}
  m_Layer: 0
  m_Name: RToe3
  m_TagString: Untagged
  m_Icon: {fileID: 0}
  m_NavMeshLayer: 0
  m_StaticEditorFlags: 0
  m_IsActive: 1
--- !u!4 &7977571905278959416
Transform:
  m_ObjectHideFlags: 0
  m_CorrespondingSourceObject: {fileID: 0}
  m_PrefabInstance: {fileID: 0}
  m_PrefabAsset: {fileID: 0}
  m_GameObject: {fileID: 3685756235335984393}
  m_LocalRotation: {x: 0, y: 0.10356698, z: -0, w: 0.9946225}
  m_LocalPosition: {x: -0.08154637, y: 0, z: -0.00000008}
  m_LocalScale: {x: 1, y: 1, z: 1}
  m_Children: []
  m_Father: {fileID: 1683448250938920155}
  m_RootOrder: 0
  m_LocalEulerAnglesHint: {x: 0, y: 0, z: 0}
--- !u!1 &3877552565857792642
GameObject:
  m_ObjectHideFlags: 0
  m_CorrespondingSourceObject: {fileID: 0}
  m_PrefabInstance: {fileID: 0}
  m_PrefabAsset: {fileID: 0}
  serializedVersion: 6
  m_Component:
  - component: {fileID: 6618690448663548290}
  m_Layer: 0
  m_Name: RArm
  m_TagString: Untagged
  m_Icon: {fileID: 0}
  m_NavMeshLayer: 0
  m_StaticEditorFlags: 0
  m_IsActive: 1
--- !u!4 &6618690448663548290
Transform:
  m_ObjectHideFlags: 0
  m_CorrespondingSourceObject: {fileID: 0}
  m_PrefabInstance: {fileID: 0}
  m_PrefabAsset: {fileID: 0}
  m_GameObject: {fileID: 3877552565857792642}
  m_LocalRotation: {x: 0.001201826, y: -0.17039464, z: -0.060710814, w: 0.98350316}
  m_LocalPosition: {x: -0.1492073, y: 0.000000049999997, z: -0.00000001}
  m_LocalScale: {x: 1, y: 1, z: 1}
  m_Children:
  - {fileID: 7241529479741688125}
  m_Father: {fileID: 309979096750818890}
  m_RootOrder: 0
  m_LocalEulerAnglesHint: {x: 0, y: 0, z: 0}
--- !u!1 &3908388060543048441
GameObject:
  m_ObjectHideFlags: 0
  m_CorrespondingSourceObject: {fileID: 0}
  m_PrefabInstance: {fileID: 0}
  m_PrefabAsset: {fileID: 0}
  serializedVersion: 6
  m_Component:
  - component: {fileID: 3195476298330186202}
  m_Layer: 0
  m_Name: RFoot
  m_TagString: Untagged
  m_Icon: {fileID: 0}
  m_NavMeshLayer: 0
  m_StaticEditorFlags: 0
  m_IsActive: 1
--- !u!4 &3195476298330186202
Transform:
  m_ObjectHideFlags: 0
  m_CorrespondingSourceObject: {fileID: 0}
  m_PrefabInstance: {fileID: 0}
  m_PrefabAsset: {fileID: 0}
  m_GameObject: {fileID: 3908388060543048441}
  m_LocalRotation: {x: 7.6257145e-17, y: 0.9577407, z: -7.6257145e-17, w: 0.287633}
  m_LocalPosition: {x: -0.14652, y: 0, z: 0.00000009}
  m_LocalScale: {x: 1, y: 1, z: 1}
  m_Children:
  - {fileID: 8091520860504296696}
  - {fileID: 8667721130222608332}
  m_Father: {fileID: 3348841879646333098}
  m_RootOrder: 0
  m_LocalEulerAnglesHint: {x: 0, y: 0, z: 0}
--- !u!1 &4145294429378216130
GameObject:
  m_ObjectHideFlags: 0
  m_CorrespondingSourceObject: {fileID: 0}
  m_PrefabInstance: {fileID: 0}
  m_PrefabAsset: {fileID: 0}
  serializedVersion: 6
  m_Component:
  - component: {fileID: 4966480295890828309}
  m_Layer: 0
  m_Name: LHand
  m_TagString: Untagged
  m_Icon: {fileID: 0}
  m_NavMeshLayer: 0
  m_StaticEditorFlags: 0
  m_IsActive: 1
--- !u!4 &4966480295890828309
Transform:
  m_ObjectHideFlags: 0
  m_CorrespondingSourceObject: {fileID: 0}
  m_PrefabInstance: {fileID: 0}
  m_PrefabAsset: {fileID: 0}
  m_GameObject: {fileID: 4145294429378216130}
  m_LocalRotation: {x: -0.000000022311363, y: 0.6958631, z: -0.000000022311363, w: 0.71817446}
  m_LocalPosition: {x: -0.20230159, y: 0, z: 0}
  m_LocalScale: {x: 1, y: 1, z: 1}
  m_Children:
  - {fileID: 1075028160650558902}
  - {fileID: 8080248074585751279}
  m_Father: {fileID: 395245051525003036}
  m_RootOrder: 0
  m_LocalEulerAnglesHint: {x: 0, y: 0, z: 0}
--- !u!1 &4326752890393491366
GameObject:
  m_ObjectHideFlags: 0
  m_CorrespondingSourceObject: {fileID: 0}
  m_PrefabInstance: {fileID: 0}
  m_PrefabAsset: {fileID: 0}
  serializedVersion: 6
  m_Component:
  - component: {fileID: 3668018024369835649}
  - component: {fileID: 7897049623945273241}
  m_Layer: 0
  m_Name: Body02_OptMesh_3_0_node
  m_TagString: Untagged
  m_Icon: {fileID: 0}
  m_NavMeshLayer: 0
  m_StaticEditorFlags: 0
  m_IsActive: 1
--- !u!4 &3668018024369835649
Transform:
  m_ObjectHideFlags: 0
  m_CorrespondingSourceObject: {fileID: 0}
  m_PrefabInstance: {fileID: 0}
  m_PrefabAsset: {fileID: 0}
  m_GameObject: {fileID: 4326752890393491366}
  m_LocalRotation: {x: 0, y: -0, z: -0, w: 1}
  m_LocalPosition: {x: -0, y: 0, z: 0}
  m_LocalScale: {x: 1, y: 1, z: 1}
  m_Children: []
  m_Father: {fileID: 220413637458491242}
  m_RootOrder: 3
  m_LocalEulerAnglesHint: {x: 0, y: 0, z: 0}
--- !u!137 &7897049623945273241
SkinnedMeshRenderer:
  m_ObjectHideFlags: 0
  m_CorrespondingSourceObject: {fileID: 0}
  m_PrefabInstance: {fileID: 0}
  m_PrefabAsset: {fileID: 0}
  m_GameObject: {fileID: 4326752890393491366}
  m_Enabled: 1
  m_CastShadows: 1
  m_ReceiveShadows: 1
  m_DynamicOccludee: 1
  m_MotionVectors: 1
  m_LightProbeUsage: 1
  m_ReflectionProbeUsage: 1
  m_RayTracingMode: 0
  m_RenderingLayerMask: 1
  m_RendererPriority: 0
  m_Materials:
  - {fileID: 2100000, guid: 860559be3ca33f842b024a0b88ff9374, type: 2}
  m_StaticBatchInfo:
    firstSubMesh: 0
    subMeshCount: 0
  m_StaticBatchRoot: {fileID: 0}
  m_ProbeAnchor: {fileID: 0}
  m_LightProbeVolumeOverride: {fileID: 0}
  m_ScaleInLightmap: 1
  m_ReceiveGI: 1
  m_PreserveUVs: 0
  m_IgnoreNormalsForChartDetection: 0
  m_ImportantGI: 0
  m_StitchLightmapSeams: 1
  m_SelectedEditorRenderState: 3
  m_MinimumChartSize: 4
  m_AutoUVMaxDistance: 0.5
  m_AutoUVMaxAngle: 89
  m_LightmapParameters: {fileID: 0}
  m_SortingLayerID: 0
  m_SortingLayer: 0
  m_SortingOrder: 0
  serializedVersion: 2
  m_Quality: 0
  m_UpdateWhenOffscreen: 1
  m_SkinnedMotionVectors: 1
  m_Mesh: {fileID: -1282659079319073738, guid: 3a5193147cb4d0a4b802f4a93b6aab1a, type: 3}
  m_Bones:
  - {fileID: 1462907514289125916}
  - {fileID: 1554798766836906633}
  - {fileID: 4690360739072699300}
  - {fileID: 8896250053641091243}
  - {fileID: 3265447134559883583}
  - {fileID: 4584602015131522788}
  - {fileID: 8520888964890024431}
  - {fileID: 8026509713372370860}
  - {fileID: 6899534797924052029}
  - {fileID: 6921748306255123454}
  - {fileID: 3053659165699788804}
  - {fileID: 395245051525003036}
  - {fileID: 4966480295890828309}
  - {fileID: 8080248074585751279}
  - {fileID: 1075028160650558902}
  - {fileID: 309979096750818890}
  - {fileID: 6618690448663548290}
  - {fileID: 7241529479741688125}
  - {fileID: 423301243133440923}
  - {fileID: 4046114195419031269}
  - {fileID: 668611794458437562}
  - {fileID: 6639010800563769806}
  - {fileID: 2967882790595376869}
  - {fileID: 4780745594263618041}
  - {fileID: 1269627732020691825}
  - {fileID: 2322689286351640932}
  - {fileID: 3963836361871412438}
  - {fileID: 4243076850707398044}
  - {fileID: 1586206240341081450}
  - {fileID: 1557822093341062084}
  - {fileID: 3348841879646333098}
  - {fileID: 3195476298330186202}
  - {fileID: 8091520860504296696}
  - {fileID: 8667721130222608332}
  - {fileID: 1683448250938920155}
  - {fileID: 7977571905278959416}
  - {fileID: 5664169865303657103}
  - {fileID: 5489083454906724009}
  - {fileID: 3944024447514877866}
  m_BlendShapeWeights: []
  m_RootBone: {fileID: 1462907514289125916}
  m_AABB:
    m_Center: {x: 0.000000014901161, y: 0.8277937, z: 0.49234468}
    m_Extent: {x: 0.13974014, y: 0.1325734, z: 0.1421598}
  m_DirtyAABB: 0
--- !u!1 &5395371872095731293
GameObject:
  m_ObjectHideFlags: 0
  m_CorrespondingSourceObject: {fileID: 0}
  m_PrefabInstance: {fileID: 0}
  m_PrefabAsset: {fileID: 0}
  serializedVersion: 6
  m_Component:
  - component: {fileID: 1462907514289125916}
  m_Layer: 0
  m_Name: pm0310_00
  m_TagString: Untagged
  m_Icon: {fileID: 0}
  m_NavMeshLayer: 0
  m_StaticEditorFlags: 0
  m_IsActive: 1
--- !u!4 &1462907514289125916
Transform:
  m_ObjectHideFlags: 0
  m_CorrespondingSourceObject: {fileID: 0}
  m_PrefabInstance: {fileID: 0}
  m_PrefabAsset: {fileID: 0}
  m_GameObject: {fileID: 5395371872095731293}
  m_LocalRotation: {x: 0, y: -0, z: -0, w: 1}
  m_LocalPosition: {x: -0, y: 0, z: 0}
  m_LocalScale: {x: 1, y: 1, z: 1}
  m_Children:
  - {fileID: 1554798766836906633}
  - {fileID: 3944024447514877866}
  m_Father: {fileID: 220413637458491242}
  m_RootOrder: 8
  m_LocalEulerAnglesHint: {x: 0, y: 0, z: 0}
--- !u!1 &6324896257961031650
GameObject:
  m_ObjectHideFlags: 0
  m_CorrespondingSourceObject: {fileID: 0}
  m_PrefabInstance: {fileID: 0}
  m_PrefabAsset: {fileID: 0}
  serializedVersion: 6
  m_Component:
  - component: {fileID: 3348841879646333098}
  m_Layer: 0
  m_Name: RLeg
  m_TagString: Untagged
  m_Icon: {fileID: 0}
  m_NavMeshLayer: 0
  m_StaticEditorFlags: 0
  m_IsActive: 1
--- !u!4 &3348841879646333098
Transform:
  m_ObjectHideFlags: 0
  m_CorrespondingSourceObject: {fileID: 0}
  m_PrefabInstance: {fileID: 0}
  m_PrefabAsset: {fileID: 0}
  m_GameObject: {fileID: 6324896257961031650}
  m_LocalRotation: {x: 0, y: -0.4463604, z: -0, w: 0.8948533}
  m_LocalPosition: {x: -0.1502688, y: 0, z: -0.00000033999999}
  m_LocalScale: {x: 1, y: 1, z: 1}
  m_Children:
  - {fileID: 3195476298330186202}
  m_Father: {fileID: 1557822093341062084}
  m_RootOrder: 0
  m_LocalEulerAnglesHint: {x: 0, y: 0, z: 0}
--- !u!1 &6514411833122220361
GameObject:
  m_ObjectHideFlags: 0
  m_CorrespondingSourceObject: {fileID: 0}
  m_PrefabInstance: {fileID: 0}
  m_PrefabAsset: {fileID: 0}
  serializedVersion: 6
  m_Component:
  - component: {fileID: 6639010800563769806}
  m_Layer: 0
  m_Name: Hips
  m_TagString: Untagged
  m_Icon: {fileID: 0}
  m_NavMeshLayer: 0
  m_StaticEditorFlags: 0
  m_IsActive: 1
--- !u!4 &6639010800563769806
Transform:
  m_ObjectHideFlags: 0
  m_CorrespondingSourceObject: {fileID: 0}
  m_PrefabInstance: {fileID: 0}
  m_PrefabAsset: {fileID: 0}
  m_GameObject: {fileID: 6514411833122220361}
  m_LocalRotation: {x: 0.025332289, y: 1.5511553e-18, z: 0.9996791, w: -6.121269e-17}
  m_LocalPosition: {x: -0, y: 0, z: 0}
  m_LocalScale: {x: 1, y: 1, z: 1}
  m_Children:
  - {fileID: 2967882790595376869}
  - {fileID: 1557822093341062084}
  - {fileID: 5664169865303657103}
  m_Father: {fileID: 4690360739072699300}
  m_RootOrder: 0
  m_LocalEulerAnglesHint: {x: 0, y: 0, z: 0}
--- !u!1 &6722279210793266714
GameObject:
  m_ObjectHideFlags: 0
  m_CorrespondingSourceObject: {fileID: 0}
  m_PrefabInstance: {fileID: 0}
  m_PrefabAsset: {fileID: 0}
  serializedVersion: 6
  m_Component:
  - component: {fileID: 3265447134559883583}
  m_Layer: 0
  m_Name: Spine2
  m_TagString: Untagged
  m_Icon: {fileID: 0}
  m_NavMeshLayer: 0
  m_StaticEditorFlags: 0
  m_IsActive: 1
--- !u!4 &3265447134559883583
Transform:
  m_ObjectHideFlags: 0
  m_CorrespondingSourceObject: {fileID: 0}
  m_PrefabInstance: {fileID: 0}
  m_PrefabAsset: {fileID: 0}
  m_GameObject: {fileID: 6722279210793266714}
  m_LocalRotation: {x: -0.000000012856834, y: -0.025713667, z: -0.0000004998347, w: 0.9996694}
  m_LocalPosition: {x: -0.1144066, y: 0, z: 0}
  m_LocalScale: {x: 1, y: 1, z: 1}
  m_Children:
  - {fileID: 6921748306255123454}
  - {fileID: 4584602015131522788}
  - {fileID: 309979096750818890}
  m_Father: {fileID: 8896250053641091243}
  m_RootOrder: 0
  m_LocalEulerAnglesHint: {x: 0, y: 0, z: 0}
--- !u!1 &6895101310176930442
GameObject:
  m_ObjectHideFlags: 0
  m_CorrespondingSourceObject: {fileID: 0}
  m_PrefabInstance: {fileID: 0}
  m_PrefabAsset: {fileID: 0}
  serializedVersion: 6
  m_Component:
  - component: {fileID: 8026509713372370860}
  m_Layer: 0
  m_Name: Jaw
  m_TagString: Untagged
  m_Icon: {fileID: 0}
  m_NavMeshLayer: 0
  m_StaticEditorFlags: 0
  m_IsActive: 1
--- !u!4 &8026509713372370860
Transform:
  m_ObjectHideFlags: 0
  m_CorrespondingSourceObject: {fileID: 0}
  m_PrefabInstance: {fileID: 0}
  m_PrefabAsset: {fileID: 0}
  m_GameObject: {fileID: 6895101310176930442}
  m_LocalRotation: {x: 1.920489e-17, y: 0.8463179, z: 1.920489e-17, w: 0.5326782}
  m_LocalPosition: {x: -0.1471452, y: 0, z: 0.057466798}
  m_LocalScale: {x: 1, y: 1, z: 1}
  m_Children: []
  m_Father: {fileID: 8520888964890024431}
  m_RootOrder: 0
  m_LocalEulerAnglesHint: {x: 0, y: 0, z: 0}
--- !u!1 &7015113649068168542
GameObject:
  m_ObjectHideFlags: 0
  m_CorrespondingSourceObject: {fileID: 0}
  m_PrefabInstance: {fileID: 0}
  m_PrefabAsset: {fileID: 0}
  serializedVersion: 6
  m_Component:
  - component: {fileID: 7336441611674010354}
  - component: {fileID: 2869548357429397382}
  m_Layer: 0
  m_Name: Body03_OptMesh_6_0_node
  m_TagString: Untagged
  m_Icon: {fileID: 0}
  m_NavMeshLayer: 0
  m_StaticEditorFlags: 0
  m_IsActive: 1
--- !u!4 &7336441611674010354
Transform:
  m_ObjectHideFlags: 0
  m_CorrespondingSourceObject: {fileID: 0}
  m_PrefabInstance: {fileID: 0}
  m_PrefabAsset: {fileID: 0}
  m_GameObject: {fileID: 7015113649068168542}
  m_LocalRotation: {x: 0, y: -0, z: -0, w: 1}
  m_LocalPosition: {x: -0, y: 0, z: 0}
  m_LocalScale: {x: 1, y: 1, z: 1}
  m_Children: []
  m_Father: {fileID: 220413637458491242}
  m_RootOrder: 4
  m_LocalEulerAnglesHint: {x: 0, y: 0, z: 0}
--- !u!137 &2869548357429397382
SkinnedMeshRenderer:
  m_ObjectHideFlags: 0
  m_CorrespondingSourceObject: {fileID: 0}
  m_PrefabInstance: {fileID: 0}
  m_PrefabAsset: {fileID: 0}
  m_GameObject: {fileID: 7015113649068168542}
  m_Enabled: 1
  m_CastShadows: 1
  m_ReceiveShadows: 1
  m_DynamicOccludee: 1
  m_MotionVectors: 1
  m_LightProbeUsage: 1
  m_ReflectionProbeUsage: 1
  m_RayTracingMode: 0
  m_RenderingLayerMask: 1
  m_RendererPriority: 0
  m_Materials:
  - {fileID: 2100000, guid: 860559be3ca33f842b024a0b88ff9374, type: 2}
  m_StaticBatchInfo:
    firstSubMesh: 0
    subMeshCount: 0
  m_StaticBatchRoot: {fileID: 0}
  m_ProbeAnchor: {fileID: 0}
  m_LightProbeVolumeOverride: {fileID: 0}
  m_ScaleInLightmap: 1
  m_ReceiveGI: 1
  m_PreserveUVs: 0
  m_IgnoreNormalsForChartDetection: 0
  m_ImportantGI: 0
  m_StitchLightmapSeams: 1
  m_SelectedEditorRenderState: 3
  m_MinimumChartSize: 4
  m_AutoUVMaxDistance: 0.5
  m_AutoUVMaxAngle: 89
  m_LightmapParameters: {fileID: 0}
  m_SortingLayerID: 0
  m_SortingLayer: 0
  m_SortingOrder: 0
  serializedVersion: 2
  m_Quality: 0
  m_UpdateWhenOffscreen: 1
  m_SkinnedMotionVectors: 1
  m_Mesh: {fileID: -4578224081448495708, guid: 3a5193147cb4d0a4b802f4a93b6aab1a, type: 3}
  m_Bones:
  - {fileID: 1462907514289125916}
  - {fileID: 1554798766836906633}
  - {fileID: 4690360739072699300}
  - {fileID: 8896250053641091243}
  - {fileID: 3265447134559883583}
  - {fileID: 4584602015131522788}
  - {fileID: 8520888964890024431}
  - {fileID: 8026509713372370860}
  - {fileID: 6899534797924052029}
  - {fileID: 6921748306255123454}
  - {fileID: 3053659165699788804}
  - {fileID: 395245051525003036}
  - {fileID: 4966480295890828309}
  - {fileID: 8080248074585751279}
  - {fileID: 1075028160650558902}
  - {fileID: 309979096750818890}
  - {fileID: 6618690448663548290}
  - {fileID: 7241529479741688125}
  - {fileID: 423301243133440923}
  - {fileID: 4046114195419031269}
  - {fileID: 668611794458437562}
  - {fileID: 6639010800563769806}
  - {fileID: 2967882790595376869}
  - {fileID: 4780745594263618041}
  - {fileID: 1269627732020691825}
  - {fileID: 2322689286351640932}
  - {fileID: 3963836361871412438}
  - {fileID: 4243076850707398044}
  - {fileID: 1586206240341081450}
  - {fileID: 1557822093341062084}
  - {fileID: 3348841879646333098}
  - {fileID: 3195476298330186202}
  - {fileID: 8091520860504296696}
  - {fileID: 8667721130222608332}
  - {fileID: 1683448250938920155}
  - {fileID: 7977571905278959416}
  - {fileID: 5664169865303657103}
  - {fileID: 5489083454906724009}
  - {fileID: 3944024447514877866}
  m_BlendShapeWeights: []
  m_RootBone: {fileID: 1462907514289125916}
  m_AABB:
    m_Center: {x: 0.000000059604645, y: 0.23301196, z: -0.12501776}
    m_Extent: {x: 0.25562173, y: 0.2598529, z: 0.44316894}
  m_DirtyAABB: 0
--- !u!1 &7057816930782781314
GameObject:
  m_ObjectHideFlags: 0
  m_CorrespondingSourceObject: {fileID: 0}
  m_PrefabInstance: {fileID: 0}
  m_PrefabAsset: {fileID: 0}
  serializedVersion: 6
  m_Component:
  - component: {fileID: 3963836361871412438}
  m_Layer: 0
  m_Name: LToe1
  m_TagString: Untagged
  m_Icon: {fileID: 0}
  m_NavMeshLayer: 0
  m_StaticEditorFlags: 0
  m_IsActive: 1
--- !u!4 &3963836361871412438
Transform:
  m_ObjectHideFlags: 0
  m_CorrespondingSourceObject: {fileID: 0}
  m_PrefabInstance: {fileID: 0}
  m_PrefabAsset: {fileID: 0}
  m_GameObject: {fileID: 7057816930782781314}
  m_LocalRotation: {x: 0, y: -0, z: -0, w: 1}
  m_LocalPosition: {x: -0.014013819, y: 0, z: -0.21882589}
  m_LocalScale: {x: 1, y: 1, z: 1}
  m_Children:
  - {fileID: 4243076850707398044}
  m_Father: {fileID: 1269627732020691825}
  m_RootOrder: 1
  m_LocalEulerAnglesHint: {x: 0, y: 0, z: 0}
--- !u!1 &7199443866648678075
GameObject:
  m_ObjectHideFlags: 0
  m_CorrespondingSourceObject: {fileID: 0}
  m_PrefabInstance: {fileID: 0}
  m_PrefabAsset: {fileID: 0}
  serializedVersion: 6
  m_Component:
  - component: {fileID: 1554798766836906633}
  m_Layer: 0
  m_Name: Origin
  m_TagString: Untagged
  m_Icon: {fileID: 0}
  m_NavMeshLayer: 0
  m_StaticEditorFlags: 0
  m_IsActive: 1
--- !u!4 &1554798766836906633
Transform:
  m_ObjectHideFlags: 0
  m_CorrespondingSourceObject: {fileID: 0}
  m_PrefabInstance: {fileID: 0}
  m_PrefabAsset: {fileID: 0}
  m_GameObject: {fileID: 7199443866648678075}
  m_LocalRotation: {x: 0, y: -0, z: -0, w: 1}
  m_LocalPosition: {x: -0, y: 0, z: 0}
  m_LocalScale: {x: 1, y: 1, z: 1}
  m_Children:
  - {fileID: 4690360739072699300}
  m_Father: {fileID: 1462907514289125916}
  m_RootOrder: 0
  m_LocalEulerAnglesHint: {x: 0, y: 0, z: 0}
--- !u!1 &7278099322233531795
GameObject:
  m_ObjectHideFlags: 0
  m_CorrespondingSourceObject: {fileID: 0}
  m_PrefabInstance: {fileID: 0}
  m_PrefabAsset: {fileID: 0}
  serializedVersion: 6
  m_Component:
  - component: {fileID: 2322689286351640932}
  m_Layer: 0
  m_Name: LFeelerC
  m_TagString: Untagged
  m_Icon: {fileID: 0}
  m_NavMeshLayer: 0
  m_StaticEditorFlags: 0
  m_IsActive: 1
--- !u!4 &2322689286351640932
Transform:
  m_ObjectHideFlags: 0
  m_CorrespondingSourceObject: {fileID: 0}
  m_PrefabInstance: {fileID: 0}
  m_PrefabAsset: {fileID: 0}
  m_GameObject: {fileID: 7278099322233531795}
  m_LocalRotation: {x: -0.32818225, y: -2.0095367e-17, z: 0.94461447, w: -5.784096e-17}
  m_LocalPosition: {x: 0.030382758, y: 0, z: -0.02462332}
  m_LocalScale: {x: 1, y: 1, z: 1}
  m_Children: []
  m_Father: {fileID: 1269627732020691825}
  m_RootOrder: 0
  m_LocalEulerAnglesHint: {x: 0, y: 0, z: 0}
--- !u!1 &7593938662628587510
GameObject:
  m_ObjectHideFlags: 0
  m_CorrespondingSourceObject: {fileID: 0}
  m_PrefabInstance: {fileID: 0}
  m_PrefabAsset: {fileID: 0}
  serializedVersion: 6
  m_Component:
  - component: {fileID: 183764009433441540}
  - component: {fileID: 7632796669734667693}
  m_Layer: 0
  m_Name: BodyVco00_OptMesh_0_0_node
  m_TagString: Untagged
  m_Icon: {fileID: 0}
  m_NavMeshLayer: 0
  m_StaticEditorFlags: 0
  m_IsActive: 1
--- !u!4 &183764009433441540
Transform:
  m_ObjectHideFlags: 0
  m_CorrespondingSourceObject: {fileID: 0}
  m_PrefabInstance: {fileID: 0}
  m_PrefabAsset: {fileID: 0}
  m_GameObject: {fileID: 7593938662628587510}
  m_LocalRotation: {x: 0, y: -0, z: -0, w: 1}
  m_LocalPosition: {x: -0, y: 0, z: 0}
  m_LocalScale: {x: 1, y: 1, z: 1}
  m_Children: []
  m_Father: {fileID: 220413637458491242}
  m_RootOrder: 5
  m_LocalEulerAnglesHint: {x: 0, y: 0, z: 0}
--- !u!137 &7632796669734667693
SkinnedMeshRenderer:
  m_ObjectHideFlags: 0
  m_CorrespondingSourceObject: {fileID: 0}
  m_PrefabInstance: {fileID: 0}
  m_PrefabAsset: {fileID: 0}
  m_GameObject: {fileID: 7593938662628587510}
  m_Enabled: 1
  m_CastShadows: 1
  m_ReceiveShadows: 1
  m_DynamicOccludee: 1
  m_MotionVectors: 1
  m_LightProbeUsage: 1
  m_ReflectionProbeUsage: 1
  m_RayTracingMode: 0
  m_RenderingLayerMask: 1
  m_RendererPriority: 0
  m_Materials:
  - {fileID: 2100000, guid: 860559be3ca33f842b024a0b88ff9374, type: 2}
  m_StaticBatchInfo:
    firstSubMesh: 0
    subMeshCount: 0
  m_StaticBatchRoot: {fileID: 0}
  m_ProbeAnchor: {fileID: 0}
  m_LightProbeVolumeOverride: {fileID: 0}
  m_ScaleInLightmap: 1
  m_ReceiveGI: 1
  m_PreserveUVs: 0
  m_IgnoreNormalsForChartDetection: 0
  m_ImportantGI: 0
  m_StitchLightmapSeams: 1
  m_SelectedEditorRenderState: 3
  m_MinimumChartSize: 4
  m_AutoUVMaxDistance: 0.5
  m_AutoUVMaxAngle: 89
  m_LightmapParameters: {fileID: 0}
  m_SortingLayerID: 0
  m_SortingLayer: 0
  m_SortingOrder: 0
  serializedVersion: 2
  m_Quality: 0
  m_UpdateWhenOffscreen: 1
  m_SkinnedMotionVectors: 1
  m_Mesh: {fileID: -6136169783783431476, guid: 3a5193147cb4d0a4b802f4a93b6aab1a, type: 3}
  m_Bones:
  - {fileID: 1462907514289125916}
  - {fileID: 1554798766836906633}
  - {fileID: 4690360739072699300}
  - {fileID: 8896250053641091243}
  - {fileID: 3265447134559883583}
  - {fileID: 4584602015131522788}
  - {fileID: 8520888964890024431}
  - {fileID: 8026509713372370860}
  - {fileID: 6899534797924052029}
  - {fileID: 6921748306255123454}
  - {fileID: 3053659165699788804}
  - {fileID: 395245051525003036}
  - {fileID: 4966480295890828309}
  - {fileID: 8080248074585751279}
  - {fileID: 1075028160650558902}
  - {fileID: 309979096750818890}
  - {fileID: 6618690448663548290}
  - {fileID: 7241529479741688125}
  - {fileID: 423301243133440923}
  - {fileID: 4046114195419031269}
  - {fileID: 668611794458437562}
  - {fileID: 6639010800563769806}
  - {fileID: 2967882790595376869}
  - {fileID: 4780745594263618041}
  - {fileID: 1269627732020691825}
  - {fileID: 2322689286351640932}
  - {fileID: 3963836361871412438}
  - {fileID: 4243076850707398044}
  - {fileID: 1586206240341081450}
  - {fileID: 1557822093341062084}
  - {fileID: 3348841879646333098}
  - {fileID: 3195476298330186202}
  - {fileID: 8091520860504296696}
  - {fileID: 8667721130222608332}
  - {fileID: 1683448250938920155}
  - {fileID: 7977571905278959416}
  - {fileID: 5664169865303657103}
  - {fileID: 5489083454906724009}
  - {fileID: 3944024447514877866}
  m_BlendShapeWeights: []
  m_RootBone: {fileID: 1462907514289125916}
  m_AABB:
    m_Center: {x: 0.0000000018626451, y: 0.8447614, z: 0.47422463}
    m_Extent: {x: 0.056936108, y: 0.10561764, z: 0.12671715}
  m_DirtyAABB: 0
--- !u!1 &7613685908333656096
GameObject:
  m_ObjectHideFlags: 0
  m_CorrespondingSourceObject: {fileID: 0}
  m_PrefabInstance: {fileID: 0}
  m_PrefabAsset: {fileID: 0}
  serializedVersion: 6
  m_Component:
  - component: {fileID: 220413637458491242}
  - component: {fileID: 3793128000587781533}
  m_Layer: 0
  m_Name: Manectric
  m_TagString: Untagged
  m_Icon: {fileID: 0}
  m_NavMeshLayer: 0
  m_StaticEditorFlags: 0
  m_IsActive: 1
--- !u!4 &220413637458491242
Transform:
  m_ObjectHideFlags: 0
  m_CorrespondingSourceObject: {fileID: 0}
  m_PrefabInstance: {fileID: 0}
  m_PrefabAsset: {fileID: 0}
  m_GameObject: {fileID: 7613685908333656096}
  m_LocalRotation: {x: -0, y: -0, z: -0, w: 1}
  m_LocalPosition: {x: 0, y: 0, z: 0}
  m_LocalScale: {x: 0.9, y: 0.9, z: 0.9}
  m_Children:
  - {fileID: 8781085840978947607}
  - {fileID: 1822076288862984513}
  - {fileID: 4590653672467209128}
  - {fileID: 3668018024369835649}
  - {fileID: 7336441611674010354}
  - {fileID: 183764009433441540}
  - {fileID: 4841167103319056049}
  - {fileID: 4179185927404623494}
  - {fileID: 1462907514289125916}
  m_Father: {fileID: 5824289810163627110}
  m_RootOrder: 0
  m_LocalEulerAnglesHint: {x: 0, y: 0, z: 0}
--- !u!95 &3793128000587781533
Animator:
  serializedVersion: 3
  m_ObjectHideFlags: 0
  m_CorrespondingSourceObject: {fileID: 0}
  m_PrefabInstance: {fileID: 0}
  m_PrefabAsset: {fileID: 0}
  m_GameObject: {fileID: 7613685908333656096}
  m_Enabled: 1
  m_Avatar: {fileID: 0}
  m_Controller: {fileID: 9100000, guid: ba0064f1d45f88149aaad564e820a356, type: 2}
  m_CullingMode: 0
  m_UpdateMode: 0
  m_ApplyRootMotion: 0
  m_LinearVelocityBlending: 0
  m_WarningMessage: 
  m_HasTransformHierarchy: 1
  m_AllowConstantClipSamplingOptimization: 1
  m_KeepAnimatorControllerStateOnDisable: 0
--- !u!1 &7666563028763642658
GameObject:
  m_ObjectHideFlags: 0
  m_CorrespondingSourceObject: {fileID: 0}
  m_PrefabInstance: {fileID: 0}
  m_PrefabAsset: {fileID: 0}
  serializedVersion: 6
  m_Component:
  - component: {fileID: 423301243133440923}
  m_Layer: 0
  m_Name: RHand
  m_TagString: Untagged
  m_Icon: {fileID: 0}
  m_NavMeshLayer: 0
  m_StaticEditorFlags: 0
  m_IsActive: 1
--- !u!4 &423301243133440923
Transform:
  m_ObjectHideFlags: 0
  m_CorrespondingSourceObject: {fileID: 0}
  m_PrefabInstance: {fileID: 0}
  m_PrefabAsset: {fileID: 0}
  m_GameObject: {fileID: 7666563028763642658}
  m_LocalRotation: {x: 0.000000022311363, y: 0.6958631, z: 0.000000022311363, w: 0.71817446}
  m_LocalPosition: {x: -0.20230168, y: -0.00000001, z: -0.0000005}
  m_LocalScale: {x: 1, y: 1, z: 1}
  m_Children:
  - {fileID: 668611794458437562}
  - {fileID: 4046114195419031269}
  m_Father: {fileID: 7241529479741688125}
  m_RootOrder: 0
  m_LocalEulerAnglesHint: {x: 0, y: 0, z: 0}
--- !u!1 &7769424591847726260
GameObject:
  m_ObjectHideFlags: 0
  m_CorrespondingSourceObject: {fileID: 0}
  m_PrefabInstance: {fileID: 0}
  m_PrefabAsset: {fileID: 0}
  serializedVersion: 6
  m_Component:
  - component: {fileID: 4046114195419031269}
  m_Layer: 0
  m_Name: RFinger
  m_TagString: Untagged
  m_Icon: {fileID: 0}
  m_NavMeshLayer: 0
  m_StaticEditorFlags: 0
  m_IsActive: 1
--- !u!4 &4046114195419031269
Transform:
  m_ObjectHideFlags: 0
  m_CorrespondingSourceObject: {fileID: 0}
  m_PrefabInstance: {fileID: 0}
  m_PrefabAsset: {fileID: 0}
  m_GameObject: {fileID: 7769424591847726260}
  m_LocalRotation: {x: 0, y: -0, z: -0, w: 1}
  m_LocalPosition: {x: -0.085503, y: 0.00000001, z: -0.0682031}
  m_LocalScale: {x: 1, y: 1, z: 1}
  m_Children: []
  m_Father: {fileID: 423301243133440923}
  m_RootOrder: 1
  m_LocalEulerAnglesHint: {x: 0, y: 0, z: 0}
--- !u!1 &7862960134513628729
GameObject:
  m_ObjectHideFlags: 0
  m_CorrespondingSourceObject: {fileID: 0}
  m_PrefabInstance: {fileID: 0}
  m_PrefabAsset: {fileID: 0}
  serializedVersion: 6
  m_Component:
  - component: {fileID: 8080248074585751279}
  m_Layer: 0
  m_Name: LFinger
  m_TagString: Untagged
  m_Icon: {fileID: 0}
  m_NavMeshLayer: 0
  m_StaticEditorFlags: 0
  m_IsActive: 1
--- !u!4 &8080248074585751279
Transform:
  m_ObjectHideFlags: 0
  m_CorrespondingSourceObject: {fileID: 0}
  m_PrefabInstance: {fileID: 0}
  m_PrefabAsset: {fileID: 0}
  m_GameObject: {fileID: 7862960134513628729}
  m_LocalRotation: {x: 0, y: -0, z: -0, w: 1}
  m_LocalPosition: {x: -0.0855028, y: 0, z: -0.06820307}
  m_LocalScale: {x: 1, y: 1, z: 1}
  m_Children: []
  m_Father: {fileID: 4966480295890828309}
  m_RootOrder: 1
  m_LocalEulerAnglesHint: {x: 0, y: 0, z: 0}
--- !u!1 &8715659192696506180
GameObject:
  m_ObjectHideFlags: 0
  m_CorrespondingSourceObject: {fileID: 0}
  m_PrefabInstance: {fileID: 0}
  m_PrefabAsset: {fileID: 0}
  serializedVersion: 6
  m_Component:
  - component: {fileID: 1822076288862984513}
  - component: {fileID: 5049913513167420212}
  m_Layer: 0
  m_Name: Body01_OptMesh_4_0_node
  m_TagString: Untagged
  m_Icon: {fileID: 0}
  m_NavMeshLayer: 0
  m_StaticEditorFlags: 0
  m_IsActive: 1
--- !u!4 &1822076288862984513
Transform:
  m_ObjectHideFlags: 0
  m_CorrespondingSourceObject: {fileID: 0}
  m_PrefabInstance: {fileID: 0}
  m_PrefabAsset: {fileID: 0}
  m_GameObject: {fileID: 8715659192696506180}
  m_LocalRotation: {x: 0, y: -0, z: -0, w: 1}
  m_LocalPosition: {x: -0, y: 0, z: 0}
  m_LocalScale: {x: 1, y: 1, z: 1}
  m_Children: []
  m_Father: {fileID: 220413637458491242}
  m_RootOrder: 1
  m_LocalEulerAnglesHint: {x: 0, y: 0, z: 0}
--- !u!137 &5049913513167420212
SkinnedMeshRenderer:
  m_ObjectHideFlags: 0
  m_CorrespondingSourceObject: {fileID: 0}
  m_PrefabInstance: {fileID: 0}
  m_PrefabAsset: {fileID: 0}
  m_GameObject: {fileID: 8715659192696506180}
  m_Enabled: 1
  m_CastShadows: 1
  m_ReceiveShadows: 1
  m_DynamicOccludee: 1
  m_MotionVectors: 1
  m_LightProbeUsage: 1
  m_ReflectionProbeUsage: 1
  m_RayTracingMode: 0
  m_RenderingLayerMask: 1
  m_RendererPriority: 0
  m_Materials:
  - {fileID: 2100000, guid: 860559be3ca33f842b024a0b88ff9374, type: 2}
  m_StaticBatchInfo:
    firstSubMesh: 0
    subMeshCount: 0
  m_StaticBatchRoot: {fileID: 0}
  m_ProbeAnchor: {fileID: 0}
  m_LightProbeVolumeOverride: {fileID: 0}
  m_ScaleInLightmap: 1
  m_ReceiveGI: 1
  m_PreserveUVs: 0
  m_IgnoreNormalsForChartDetection: 0
  m_ImportantGI: 0
  m_StitchLightmapSeams: 1
  m_SelectedEditorRenderState: 3
  m_MinimumChartSize: 4
  m_AutoUVMaxDistance: 0.5
  m_AutoUVMaxAngle: 89
  m_LightmapParameters: {fileID: 0}
  m_SortingLayerID: 0
  m_SortingLayer: 0
  m_SortingOrder: 0
  serializedVersion: 2
  m_Quality: 0
  m_UpdateWhenOffscreen: 1
  m_SkinnedMotionVectors: 1
  m_Mesh: {fileID: -8604937606731707071, guid: 3a5193147cb4d0a4b802f4a93b6aab1a, type: 3}
  m_Bones:
  - {fileID: 1462907514289125916}
  - {fileID: 1554798766836906633}
  - {fileID: 4690360739072699300}
  - {fileID: 8896250053641091243}
  - {fileID: 3265447134559883583}
  - {fileID: 4584602015131522788}
  - {fileID: 8520888964890024431}
  - {fileID: 8026509713372370860}
  - {fileID: 6899534797924052029}
  - {fileID: 6921748306255123454}
  - {fileID: 3053659165699788804}
  - {fileID: 395245051525003036}
  - {fileID: 4966480295890828309}
  - {fileID: 8080248074585751279}
  - {fileID: 1075028160650558902}
  - {fileID: 309979096750818890}
  - {fileID: 6618690448663548290}
  - {fileID: 7241529479741688125}
  - {fileID: 423301243133440923}
  - {fileID: 4046114195419031269}
  - {fileID: 668611794458437562}
  - {fileID: 6639010800563769806}
  - {fileID: 2967882790595376869}
  - {fileID: 4780745594263618041}
  - {fileID: 1269627732020691825}
  - {fileID: 2322689286351640932}
  - {fileID: 3963836361871412438}
  - {fileID: 4243076850707398044}
  - {fileID: 1586206240341081450}
  - {fileID: 1557822093341062084}
  - {fileID: 3348841879646333098}
  - {fileID: 3195476298330186202}
  - {fileID: 8091520860504296696}
  - {fileID: 8667721130222608332}
  - {fileID: 1683448250938920155}
  - {fileID: 7977571905278959416}
  - {fileID: 5664169865303657103}
  - {fileID: 5489083454906724009}
  - {fileID: 3944024447514877866}
  m_BlendShapeWeights: []
  m_RootBone: {fileID: 1462907514289125916}
  m_AABB:
    m_Center: {x: 0.0346132, y: 0.46979395, z: -0.09938234}
    m_Extent: {x: 0.25954515, y: 0.4810889, z: 0.5472898}
  m_DirtyAABB: 0
--- !u!1 &8743363048874195236
GameObject:
  m_ObjectHideFlags: 0
  m_CorrespondingSourceObject: {fileID: 0}
  m_PrefabInstance: {fileID: 0}
  m_PrefabAsset: {fileID: 0}
  serializedVersion: 6
  m_Component:
  - component: {fileID: 4590653672467209128}
  - component: {fileID: 1587605610505105432}
  m_Layer: 0
  m_Name: Body01_OptMesh_5_0_node
  m_TagString: Untagged
  m_Icon: {fileID: 0}
  m_NavMeshLayer: 0
  m_StaticEditorFlags: 0
  m_IsActive: 1
--- !u!4 &4590653672467209128
Transform:
  m_ObjectHideFlags: 0
  m_CorrespondingSourceObject: {fileID: 0}
  m_PrefabInstance: {fileID: 0}
  m_PrefabAsset: {fileID: 0}
  m_GameObject: {fileID: 8743363048874195236}
  m_LocalRotation: {x: 0, y: -0, z: -0, w: 1}
  m_LocalPosition: {x: -0, y: 0, z: 0}
  m_LocalScale: {x: 1, y: 1, z: 1}
  m_Children: []
  m_Father: {fileID: 220413637458491242}
  m_RootOrder: 2
  m_LocalEulerAnglesHint: {x: 0, y: 0, z: 0}
--- !u!137 &1587605610505105432
SkinnedMeshRenderer:
  m_ObjectHideFlags: 0
  m_CorrespondingSourceObject: {fileID: 0}
  m_PrefabInstance: {fileID: 0}
  m_PrefabAsset: {fileID: 0}
  m_GameObject: {fileID: 8743363048874195236}
  m_Enabled: 1
  m_CastShadows: 1
  m_ReceiveShadows: 1
  m_DynamicOccludee: 1
  m_MotionVectors: 1
  m_LightProbeUsage: 1
  m_ReflectionProbeUsage: 1
  m_RayTracingMode: 0
  m_RenderingLayerMask: 1
  m_RendererPriority: 0
  m_Materials:
  - {fileID: 2100000, guid: 860559be3ca33f842b024a0b88ff9374, type: 2}
  m_StaticBatchInfo:
    firstSubMesh: 0
    subMeshCount: 0
  m_StaticBatchRoot: {fileID: 0}
  m_ProbeAnchor: {fileID: 0}
  m_LightProbeVolumeOverride: {fileID: 0}
  m_ScaleInLightmap: 1
  m_ReceiveGI: 1
  m_PreserveUVs: 0
  m_IgnoreNormalsForChartDetection: 0
  m_ImportantGI: 0
  m_StitchLightmapSeams: 1
  m_SelectedEditorRenderState: 3
  m_MinimumChartSize: 4
  m_AutoUVMaxDistance: 0.5
  m_AutoUVMaxAngle: 89
  m_LightmapParameters: {fileID: 0}
  m_SortingLayerID: 0
  m_SortingLayer: 0
  m_SortingOrder: 0
  serializedVersion: 2
  m_Quality: 0
  m_UpdateWhenOffscreen: 1
  m_SkinnedMotionVectors: 1
  m_Mesh: {fileID: -3025770825037347286, guid: 3a5193147cb4d0a4b802f4a93b6aab1a, type: 3}
  m_Bones:
  - {fileID: 1462907514289125916}
  - {fileID: 1554798766836906633}
  - {fileID: 4690360739072699300}
  - {fileID: 8896250053641091243}
  - {fileID: 3265447134559883583}
  - {fileID: 4584602015131522788}
  - {fileID: 8520888964890024431}
  - {fileID: 8026509713372370860}
  - {fileID: 6899534797924052029}
  - {fileID: 6921748306255123454}
  - {fileID: 3053659165699788804}
  - {fileID: 395245051525003036}
  - {fileID: 4966480295890828309}
  - {fileID: 8080248074585751279}
  - {fileID: 1075028160650558902}
  - {fileID: 309979096750818890}
  - {fileID: 6618690448663548290}
  - {fileID: 7241529479741688125}
  - {fileID: 423301243133440923}
  - {fileID: 4046114195419031269}
  - {fileID: 668611794458437562}
  - {fileID: 6639010800563769806}
  - {fileID: 2967882790595376869}
  - {fileID: 4780745594263618041}
  - {fileID: 1269627732020691825}
  - {fileID: 2322689286351640932}
  - {fileID: 3963836361871412438}
  - {fileID: 4243076850707398044}
  - {fileID: 1586206240341081450}
  - {fileID: 1557822093341062084}
  - {fileID: 3348841879646333098}
  - {fileID: 3195476298330186202}
  - {fileID: 8091520860504296696}
  - {fileID: 8667721130222608332}
  - {fileID: 1683448250938920155}
  - {fileID: 7977571905278959416}
  - {fileID: 5664169865303657103}
  - {fileID: 5489083454906724009}
  - {fileID: 3944024447514877866}
  m_BlendShapeWeights: []
  m_RootBone: {fileID: 1462907514289125916}
  m_AABB:
    m_Center: {x: -0.1604293, y: 0.4771885, z: -0.15753458}
    m_Extent: {x: 0.13372901, y: 0.47369424, z: 0.4891376}
  m_DirtyAABB: 0
--- !u!1 &9029969372457472693
GameObject:
  m_ObjectHideFlags: 0
  m_CorrespondingSourceObject: {fileID: 0}
  m_PrefabInstance: {fileID: 0}
  m_PrefabAsset: {fileID: 0}
  serializedVersion: 6
  m_Component:
  - component: {fileID: 1075028160650558902}
  m_Layer: 0
  m_Name: LFeelerB
  m_TagString: Untagged
  m_Icon: {fileID: 0}
  m_NavMeshLayer: 0
  m_StaticEditorFlags: 0
  m_IsActive: 1
--- !u!4 &1075028160650558902
Transform:
  m_ObjectHideFlags: 0
  m_CorrespondingSourceObject: {fileID: 0}
  m_PrefabInstance: {fileID: 0}
  m_PrefabAsset: {fileID: 0}
  m_GameObject: {fileID: 9029969372457472693}
  m_LocalRotation: {x: -0.5838762, y: -3.5752106e-17, z: 0.8118428, w: -4.9711034e-17}
  m_LocalPosition: {x: -0.01156835, y: 0, z: -0.050029468}
  m_LocalScale: {x: 1, y: 1, z: 1}
  m_Children: []
  m_Father: {fileID: 4966480295890828309}
  m_RootOrder: 0
  m_LocalEulerAnglesHint: {x: 0, y: 0, z: 0}
