%YAML 1.1
%TAG !u! tag:unity3d.com,2011:
--- !u!1 &752113917834125279
GameObject:
  m_ObjectHideFlags: 0
  m_CorrespondingSourceObject: {fileID: 0}
  m_PrefabInstance: {fileID: 0}
  m_PrefabAsset: {fileID: 0}
  serializedVersion: 6
  m_Component:
  - component: {fileID: 2818328718032015120}
  m_Layer: 0
  m_Name: RShoulder
  m_TagString: Untagged
  m_Icon: {fileID: 0}
  m_NavMeshLayer: 0
  m_StaticEditorFlags: 0
  m_IsActive: 1
--- !u!4 &2818328718032015120
Transform:
  m_ObjectHideFlags: 0
  m_CorrespondingSourceObject: {fileID: 0}
  m_PrefabInstance: {fileID: 0}
  m_PrefabAsset: {fileID: 0}
  m_GameObject: {fileID: 752113917834125279}
  m_LocalRotation: {x: 0.754538, y: -4.0184113e-17, z: -0.6562564, w: -4.6202127e-17}
  m_LocalPosition: {x: -0.06354597, y: 0.0519236, z: -0.020595938}
  m_LocalScale: {x: 1, y: 1, z: 1}
  m_Children:
  - {fileID: 2852588398679198181}
  m_Father: {fileID: 2281943258862200825}
  m_RootOrder: 2
  m_LocalEulerAnglesHint: {x: 0, y: 0, z: 0}
--- !u!1 &830867364641001051
GameObject:
  m_ObjectHideFlags: 0
  m_CorrespondingSourceObject: {fileID: 0}
  m_PrefabInstance: {fileID: 0}
  m_PrefabAsset: {fileID: 0}
  serializedVersion: 6
  m_Component:
  - component: {fileID: 1848840420083826978}
  m_Layer: 0
  m_Name: RThigh
  m_TagString: Untagged
  m_Icon: {fileID: 0}
  m_NavMeshLayer: 0
  m_StaticEditorFlags: 0
  m_IsActive: 1
--- !u!4 &1848840420083826978
Transform:
  m_ObjectHideFlags: 0
  m_CorrespondingSourceObject: {fileID: 0}
  m_PrefabInstance: {fileID: 0}
  m_PrefabAsset: {fileID: 0}
  m_GameObject: {fileID: 830867364641001051}
  m_LocalRotation: {x: 8.641565e-17, y: 0.7512002, z: -8.641565e-17, w: 0.6600744}
  m_LocalPosition: {x: -0.06420288, y: -0.0517867, z: 0.011824959}
  m_LocalScale: {x: 1, y: 1, z: 1}
  m_Children:
  - {fileID: 314196420640070722}
  m_Father: {fileID: 1000536355756262316}
  m_RootOrder: 2
  m_LocalEulerAnglesHint: {x: 0, y: 0, z: 0}
--- !u!1 &1205048272767636198
GameObject:
  m_ObjectHideFlags: 0
  m_CorrespondingSourceObject: {fileID: 0}
  m_PrefabInstance: {fileID: 0}
  m_PrefabAsset: {fileID: 0}
  serializedVersion: 6
  m_Component:
  - component: {fileID: 5133971007454450266}
  m_Layer: 0
  m_Name: RToe1
  m_TagString: Untagged
  m_Icon: {fileID: 0}
  m_NavMeshLayer: 0
  m_StaticEditorFlags: 0
  m_IsActive: 1
--- !u!4 &5133971007454450266
Transform:
  m_ObjectHideFlags: 0
  m_CorrespondingSourceObject: {fileID: 0}
  m_PrefabInstance: {fileID: 0}
  m_PrefabAsset: {fileID: 0}
  m_GameObject: {fileID: 1205048272767636198}
  m_LocalRotation: {x: 0, y: -0, z: -0, w: 1}
  m_LocalPosition: {x: -0.031249799, y: 0, z: -0.0153145}
  m_LocalScale: {x: 1, y: 1, z: 1}
  m_Children:
  - {fileID: 2979322622397546896}
  m_Father: {fileID: 1321202527249077750}
  m_RootOrder: 0
  m_LocalEulerAnglesHint: {x: 0, y: 0, z: 0}
--- !u!1 &1429454098632486809
GameObject:
  m_ObjectHideFlags: 0
  m_CorrespondingSourceObject: {fileID: 0}
  m_PrefabInstance: {fileID: 0}
  m_PrefabAsset: {fileID: 0}
  serializedVersion: 6
  m_Component:
  - component: {fileID: 6073830548637701361}
  m_Layer: 0
  m_Name: LLeg
  m_TagString: Untagged
  m_Icon: {fileID: 0}
  m_NavMeshLayer: 0
  m_StaticEditorFlags: 0
  m_IsActive: 1
--- !u!4 &6073830548637701361
Transform:
  m_ObjectHideFlags: 0
  m_CorrespondingSourceObject: {fileID: 0}
  m_PrefabInstance: {fileID: 0}
  m_PrefabAsset: {fileID: 0}
  m_GameObject: {fileID: 1429454098632486809}
  m_LocalRotation: {x: 0, y: -0.2571801, z: -0, w: 0.9663635}
  m_LocalPosition: {x: -0.059639566, y: 0, z: 0}
  m_LocalScale: {x: 1, y: 1, z: 1}
  m_Children:
  - {fileID: 6287275776920249028}
  m_Father: {fileID: 2243384192929593066}
  m_RootOrder: 0
  m_LocalEulerAnglesHint: {x: 0, y: 0, z: 0}
--- !u!1 &1461744323252743766
GameObject:
  m_ObjectHideFlags: 0
  m_CorrespondingSourceObject: {fileID: 0}
  m_PrefabInstance: {fileID: 0}
  m_PrefabAsset: {fileID: 0}
  serializedVersion: 6
  m_Component:
  - component: {fileID: 747487727010659342}
  - component: {fileID: 8190017317514773548}
  - component: {fileID: 3819171268479485322}
  - component: {fileID: 1022323964591858775}
  - component: {fileID: 291535681620860534}
  - component: {fileID: 7517358049367010128}
  - component: {fileID: 7805487166137394602}
  m_Layer: 15
  m_Name: Shinx~F
  m_TagString: Untagged
  m_Icon: {fileID: 0}
  m_NavMeshLayer: 0
  m_StaticEditorFlags: 0
  m_IsActive: 1
--- !u!4 &747487727010659342
Transform:
  m_ObjectHideFlags: 0
  m_CorrespondingSourceObject: {fileID: 0}
  m_PrefabInstance: {fileID: 0}
  m_PrefabAsset: {fileID: 0}
  m_GameObject: {fileID: 1461744323252743766}
  m_LocalRotation: {x: 0, y: 0, z: 0, w: 1}
  m_LocalPosition: {x: 0, y: 0, z: 0}
  m_LocalScale: {x: 1, y: 1, z: 1}
  m_Children:
  - {fileID: 355942678479547182}
  m_Father: {fileID: 0}
  m_RootOrder: 0
  m_LocalEulerAnglesHint: {x: 0, y: 0, z: 0}
--- !u!136 &8190017317514773548
CapsuleCollider:
  m_ObjectHideFlags: 0
  m_CorrespondingSourceObject: {fileID: 0}
  m_PrefabInstance: {fileID: 0}
  m_PrefabAsset: {fileID: 0}
  m_GameObject: {fileID: 1461744323252743766}
  m_Material: {fileID: 13400000, guid: c2815a7ab32e42c4bb42f59caacb8ec1, type: 2}
  m_IsTrigger: 0
  m_Enabled: 1
  m_Radius: 0.3
  m_Height: 0
  m_Direction: 1
  m_Center: {x: 0, y: 0.3, z: 0}
--- !u!54 &3819171268479485322
Rigidbody:
  m_ObjectHideFlags: 0
  m_CorrespondingSourceObject: {fileID: 0}
  m_PrefabInstance: {fileID: 0}
  m_PrefabAsset: {fileID: 0}
  m_GameObject: {fileID: 1461744323252743766}
  serializedVersion: 2
  m_Mass: 1
  m_Drag: 0.4
  m_AngularDrag: 0
  m_UseGravity: 1
  m_IsKinematic: 0
  m_Interpolate: 0
  m_Constraints: 112
  m_CollisionDetection: 0
--- !u!114 &1022323964591858775
MonoBehaviour:
  m_ObjectHideFlags: 0
  m_CorrespondingSourceObject: {fileID: 0}
  m_PrefabInstance: {fileID: 0}
  m_PrefabAsset: {fileID: 0}
  m_GameObject: {fileID: 1461744323252743766}
  m_Enabled: 1
  m_EditorHideFlags: 0
  m_Script: {fileID: 11500000, guid: f470f4d3f675b9d4f8a0e21a856fc913, type: 3}
  m_Name: 
  m_EditorClassIdentifier: 
--- !u!114 &291535681620860534
MonoBehaviour:
  m_ObjectHideFlags: 0
  m_CorrespondingSourceObject: {fileID: 0}
  m_PrefabInstance: {fileID: 0}
  m_PrefabAsset: {fileID: 0}
  m_GameObject: {fileID: 1461744323252743766}
  m_Enabled: 1
  m_EditorHideFlags: 0
  m_Script: {fileID: 11500000, guid: 1aa395343a6de9c4caefcc5c2f9f89b3, type: 3}
  m_Name: 
  m_EditorClassIdentifier: 
--- !u!114 &7517358049367010128
MonoBehaviour:
  m_ObjectHideFlags: 0
  m_CorrespondingSourceObject: {fileID: 0}
  m_PrefabInstance: {fileID: 0}
  m_PrefabAsset: {fileID: 0}
  m_GameObject: {fileID: 1461744323252743766}
  m_Enabled: 1
  m_EditorHideFlags: 0
  m_Script: {fileID: 11500000, guid: e1c72a442599b2f49b9f471be7b41624, type: 3}
  m_Name: 
  m_EditorClassIdentifier: 
--- !u!114 &7805487166137394602
MonoBehaviour:
  m_ObjectHideFlags: 0
  m_CorrespondingSourceObject: {fileID: 0}
  m_PrefabInstance: {fileID: 0}
  m_PrefabAsset: {fileID: 0}
  m_GameObject: {fileID: 1461744323252743766}
  m_Enabled: 1
  m_EditorHideFlags: 0
  m_Script: {fileID: 11500000, guid: 8a6f186a7b864354e8aca530d415879e, type: 3}
  m_Name: 
  m_EditorClassIdentifier: 
  maxWalkSpeed: 3
  turnSmoothing: 15
  runSpeedMultiplier: 1.5
  airControl: 0.2
  flyWhenWalking: 0
  flyWhenRunning: 0
  alwaysVisible: 0
  head: {fileID: 8249090207333868360}
  headInteractPoint: {x: -0.33, y: 0, z: 0}
  headOffset: 10
  lookAtPlayer: 0
  eyes: {fileID: 3542891694551911684}
  mouth: {fileID: 2633433750968496652}
  effects: {fileID: 11400000, guid: 258dd79d9fedd994e8dfb481f6aca5dc, type: 2}
  handleAnimation: 1
  dungeonScale: 1
  animationClips:
  - {fileID: 7400000, guid: 70157be6d8ea1c149869dcf522565939, type: 2}
  - {fileID: 7400000, guid: e73cfabc551efde4da89cb1474fb0076, type: 2}
  - {fileID: 7400000, guid: 391a987d950098340b8259d33fa296ff, type: 2}
  - {fileID: 7400000, guid: 27b5067a3ada2df45a0f7abaa794b00b, type: 2}
  - {fileID: 7400000, guid: 7e2124b0142f0414b9428d128071f6be, type: 2}
  - {fileID: 7400000, guid: 1bc0b93c27a67e14bbc07939d73ebceb, type: 2}
  - {fileID: 7400000, guid: f5d49f187a1fec9498abeb24795b80b1, type: 2}
  - {fileID: 7400000, guid: 73195a00509361e44896b4a269afe6a9, type: 2}
  - {fileID: 7400000, guid: fd97f54fa62f0c84d8acbaef64d8afc1, type: 2}
  - {fileID: 7400000, guid: 9fcebefdd9205bd4492479a7105f5104, type: 2}
  - {fileID: 7400000, guid: 46b7a2c2f3581fb43a0523dce271e7d6, type: 2}
  - {fileID: 7400000, guid: 7869afb01a2f64d49ae80e30fde8c41a, type: 2}
  - {fileID: 7400000, guid: f0a1c65a896cf9543b0221cef3afd245, type: 2}
  - {fileID: 7400000, guid: de8622eca7412cb48b2984cdff731a1f, type: 2}
  - {fileID: 7400000, guid: ed37cc30854fd254c9dbc5adfac3a88f, type: 2}
  - {fileID: 7400000, guid: 4bdb18a2503a148429023de1c346c997, type: 2}
  - {fileID: 7400000, guid: 7a2303b92f46f3549b6f576a7c06cee6, type: 2}
  - {fileID: 7400000, guid: 108256e781da2d244a526d6954dc9743, type: 2}
  - {fileID: 7400000, guid: 432cc0df1c23f704eb68f37be153e8c9, type: 2}
  - {fileID: 7400000, guid: e41ec95a8204d6948b68350568b5f370, type: 2}
  - {fileID: 7400000, guid: 59cfdb08be67a4b438ee0604c9e2cc0e, type: 2}
  - {fileID: 7400000, guid: 379adf1f552c3ab41bb4aaa01eaa3040, type: 2}
  - {fileID: 7400000, guid: bc9f1e2c366cf71479e8e4b0d01d4855, type: 2}
  - {fileID: 7400000, guid: c422f0cd9e4d0a7438df910fa8e7a587, type: 2}
--- !u!1 &1947097449816091225
GameObject:
  m_ObjectHideFlags: 0
  m_CorrespondingSourceObject: {fileID: 0}
  m_PrefabInstance: {fileID: 0}
  m_PrefabAsset: {fileID: 0}
  serializedVersion: 6
  m_Component:
  - component: {fileID: 7721893889390408373}
  m_Layer: 0
  m_Name: RForeArm
  m_TagString: Untagged
  m_Icon: {fileID: 0}
  m_NavMeshLayer: 0
  m_StaticEditorFlags: 0
  m_IsActive: 1
--- !u!4 &7721893889390408373
Transform:
  m_ObjectHideFlags: 0
  m_CorrespondingSourceObject: {fileID: 0}
  m_PrefabInstance: {fileID: 0}
  m_PrefabAsset: {fileID: 0}
  m_GameObject: {fileID: 1947097449816091225}
  m_LocalRotation: {x: 0, y: 0.114021935, z: -0, w: 0.99347824}
  m_LocalPosition: {x: -0.050124127, y: 0, z: 0}
  m_LocalScale: {x: 1, y: 1, z: 1}
  m_Children:
  - {fileID: 5508504478509804226}
  m_Father: {fileID: 2852588398679198181}
  m_RootOrder: 0
  m_LocalEulerAnglesHint: {x: 0, y: 0, z: 0}
--- !u!1 &2055788569626674777
GameObject:
  m_ObjectHideFlags: 0
  m_CorrespondingSourceObject: {fileID: 0}
  m_PrefabInstance: {fileID: 0}
  m_PrefabAsset: {fileID: 0}
  serializedVersion: 6
  m_Component:
  - component: {fileID: 355942678479547182}
  - component: {fileID: 5660162561748230810}
  m_Layer: 0
  m_Name: Shinx~F
  m_TagString: Untagged
  m_Icon: {fileID: 0}
  m_NavMeshLayer: 0
  m_StaticEditorFlags: 0
  m_IsActive: 1
--- !u!4 &355942678479547182
Transform:
  m_ObjectHideFlags: 0
  m_CorrespondingSourceObject: {fileID: 0}
  m_PrefabInstance: {fileID: 0}
  m_PrefabAsset: {fileID: 0}
  m_GameObject: {fileID: 2055788569626674777}
  m_LocalRotation: {x: -0, y: -0, z: -0, w: 1}
  m_LocalPosition: {x: 0, y: 0, z: 0}
  m_LocalScale: {x: 1.1, y: 1.1, z: 1.1}
  m_Children:
  - {fileID: 5538439873619273099}
  - {fileID: 3400614611181715237}
  - {fileID: 3754993453732451617}
  - {fileID: 105359891919865241}
  - {fileID: 4500052033779412539}
  - {fileID: 8934238051792617755}
  - {fileID: 8920612470564034903}
  - {fileID: 7525912011773508218}
  - {fileID: 4921651312897867100}
  - {fileID: 9086185300381481026}
  m_Father: {fileID: 747487727010659342}
  m_RootOrder: 0
  m_LocalEulerAnglesHint: {x: 0, y: 0, z: 0}
--- !u!95 &5660162561748230810
Animator:
  serializedVersion: 3
  m_ObjectHideFlags: 0
  m_CorrespondingSourceObject: {fileID: 0}
  m_PrefabInstance: {fileID: 0}
  m_PrefabAsset: {fileID: 0}
  m_GameObject: {fileID: 2055788569626674777}
  m_Enabled: 1
  m_Avatar: {fileID: 0}
  m_Controller: {fileID: 9100000, guid: ba0064f1d45f88149aaad564e820a356, type: 2}
  m_CullingMode: 0
  m_UpdateMode: 0
  m_ApplyRootMotion: 0
  m_LinearVelocityBlending: 0
  m_WarningMessage: 
  m_HasTransformHierarchy: 1
  m_AllowConstantClipSamplingOptimization: 1
  m_KeepAnimatorControllerStateOnDisable: 0
--- !u!1 &2403482889796486543
GameObject:
  m_ObjectHideFlags: 0
  m_CorrespondingSourceObject: {fileID: 0}
  m_PrefabInstance: {fileID: 0}
  m_PrefabAsset: {fileID: 0}
  serializedVersion: 6
  m_Component:
  - component: {fileID: 4921651312897867100}
  m_Layer: 0
  m_Name: pm0403_00_kolink
  m_TagString: Untagged
  m_Icon: {fileID: 0}
  m_NavMeshLayer: 0
  m_StaticEditorFlags: 0
  m_IsActive: 1
--- !u!4 &4921651312897867100
Transform:
  m_ObjectHideFlags: 0
  m_CorrespondingSourceObject: {fileID: 0}
  m_PrefabInstance: {fileID: 0}
  m_PrefabAsset: {fileID: 0}
  m_GameObject: {fileID: 2403482889796486543}
  m_LocalRotation: {x: 0, y: -0, z: -0, w: 1}
  m_LocalPosition: {x: -0, y: 0, z: 0}
  m_LocalScale: {x: 1, y: 1, z: 1}
  m_Children:
  - {fileID: 325377103297364817}
  - {fileID: 1912607750489480232}
  - {fileID: 8774425972243411490}
  m_Father: {fileID: 355942678479547182}
  m_RootOrder: 8
  m_LocalEulerAnglesHint: {x: 0, y: 0, z: 0}
--- !u!1 &2844698960262845748
GameObject:
  m_ObjectHideFlags: 0
  m_CorrespondingSourceObject: {fileID: 0}
  m_PrefabInstance: {fileID: 0}
  m_PrefabAsset: {fileID: 0}
  serializedVersion: 6
  m_Component:
  - component: {fileID: 1944359081958877884}
  m_Layer: 0
  m_Name: Hair2
  m_TagString: Untagged
  m_Icon: {fileID: 0}
  m_NavMeshLayer: 0
  m_StaticEditorFlags: 0
  m_IsActive: 1
--- !u!4 &1944359081958877884
Transform:
  m_ObjectHideFlags: 0
  m_CorrespondingSourceObject: {fileID: 0}
  m_PrefabInstance: {fileID: 0}
  m_PrefabAsset: {fileID: 0}
  m_GameObject: {fileID: 2844698960262845748}
  m_LocalRotation: {x: 0, y: -0.09262258, z: -0, w: 0.9957013}
  m_LocalPosition: {x: -0.03480772, y: 0, z: 0}
  m_LocalScale: {x: 1, y: 1, z: 1}
  m_Children: []
  m_Father: {fileID: 7359701413182965086}
  m_RootOrder: 0
  m_LocalEulerAnglesHint: {x: 0, y: 0, z: 0}
--- !u!1 &2898234218176026075
GameObject:
  m_ObjectHideFlags: 0
  m_CorrespondingSourceObject: {fileID: 0}
  m_PrefabInstance: {fileID: 0}
  m_PrefabAsset: {fileID: 0}
  serializedVersion: 6
  m_Component:
  - component: {fileID: 7525912011773508218}
  - component: {fileID: 2633433750968496652}
  m_Layer: 0
  m_Name: Mouth_OptMesh_2_0_node
  m_TagString: Untagged
  m_Icon: {fileID: 0}
  m_NavMeshLayer: 0
  m_StaticEditorFlags: 0
  m_IsActive: 1
--- !u!4 &7525912011773508218
Transform:
  m_ObjectHideFlags: 0
  m_CorrespondingSourceObject: {fileID: 0}
  m_PrefabInstance: {fileID: 0}
  m_PrefabAsset: {fileID: 0}
  m_GameObject: {fileID: 2898234218176026075}
  m_LocalRotation: {x: 0, y: -0, z: -0, w: 1}
  m_LocalPosition: {x: -0, y: 0, z: 0}
  m_LocalScale: {x: 1, y: 1, z: 1}
  m_Children: []
  m_Father: {fileID: 355942678479547182}
  m_RootOrder: 7
  m_LocalEulerAnglesHint: {x: 0, y: 0, z: 0}
--- !u!137 &2633433750968496652
SkinnedMeshRenderer:
  m_ObjectHideFlags: 0
  m_CorrespondingSourceObject: {fileID: 0}
  m_PrefabInstance: {fileID: 0}
  m_PrefabAsset: {fileID: 0}
  m_GameObject: {fileID: 2898234218176026075}
  m_Enabled: 1
  m_CastShadows: 1
  m_ReceiveShadows: 1
  m_DynamicOccludee: 1
  m_MotionVectors: 1
  m_LightProbeUsage: 1
  m_ReflectionProbeUsage: 1
  m_RayTracingMode: 0
  m_RenderingLayerMask: 1
  m_RendererPriority: 0
  m_Materials:
  - {fileID: 2100000, guid: 273ff6b732fabe64394f76ab1061b869, type: 2}
  m_StaticBatchInfo:
    firstSubMesh: 0
    subMeshCount: 0
  m_StaticBatchRoot: {fileID: 0}
  m_ProbeAnchor: {fileID: 0}
  m_LightProbeVolumeOverride: {fileID: 0}
  m_ScaleInLightmap: 1
  m_ReceiveGI: 1
  m_PreserveUVs: 0
  m_IgnoreNormalsForChartDetection: 0
  m_ImportantGI: 0
  m_StitchLightmapSeams: 1
  m_SelectedEditorRenderState: 3
  m_MinimumChartSize: 4
  m_AutoUVMaxDistance: 0.5
  m_AutoUVMaxAngle: 89
  m_LightmapParameters: {fileID: 0}
  m_SortingLayerID: 0
  m_SortingLayer: 0
  m_SortingOrder: 0
  serializedVersion: 2
  m_Quality: 0
  m_UpdateWhenOffscreen: 1
  m_SkinnedMotionVectors: 1
  m_Mesh: {fileID: -2189862217396968489, guid: 56038c55a1607f34faf69c1c368d1c3d, type: 3}
  m_Bones:
  - {fileID: 4921651312897867100}
  - {fileID: 325377103297364817}
  - {fileID: 8297156484255457698}
  - {fileID: 8708153522454093308}
  - {fileID: 2281943258862200825}
  - {fileID: 1360662391394866002}
  - {fileID: 8249090207333868360}
  - {fileID: 1990679746770809109}
  - {fileID: 5678830377260724748}
  - {fileID: 5479299443329955983}
  - {fileID: 8500696484527526874}
  - {fileID: 3810287343429741411}
  - {fileID: 7359701413182965086}
  - {fileID: 1944359081958877884}
  - {fileID: 5241812176818522367}
  - {fileID: 3383293783831554443}
  - {fileID: 8146667655784963366}
  - {fileID: 1887672540636098913}
  - {fileID: 8768237499108752225}
  - {fileID: 2959931469094278733}
  - {fileID: 4722584447869953226}
  - {fileID: 310259976987378553}
  - {fileID: 2818328718032015120}
  - {fileID: 2852588398679198181}
  - {fileID: 7721893889390408373}
  - {fileID: 5508504478509804226}
  - {fileID: 6484767553159777276}
  - {fileID: 654894359955329670}
  - {fileID: 1000536355756262316}
  - {fileID: 2243384192929593066}
  - {fileID: 6073830548637701361}
  - {fileID: 6287275776920249028}
  - {fileID: 241876613119453714}
  - {fileID: 2584724160866603965}
  - {fileID: 1848840420083826978}
  - {fileID: 314196420640070722}
  - {fileID: 1321202527249077750}
  - {fileID: 5133971007454450266}
  - {fileID: 2979322622397546896}
  - {fileID: 1104837528972731268}
  - {fileID: 8464352037259584107}
  - {fileID: 1677533561309169179}
  - {fileID: 7872619114589350706}
  - {fileID: 6557227391007606276}
  - {fileID: 5487809626234337824}
  - {fileID: 1912607750489480232}
  - {fileID: 8774425972243411490}
  - {fileID: 1318542740164235627}
  m_BlendShapeWeights: []
  m_RootBone: {fileID: 4921651312897867100}
  m_AABB:
    m_Center: {x: -0.000000007450581, y: 0.2312105, z: 0.25138742}
    m_Extent: {x: 0.062330816, y: 0.04771989, z: 0.040485352}
  m_DirtyAABB: 0
--- !u!1 &2949635415531145122
GameObject:
  m_ObjectHideFlags: 0
  m_CorrespondingSourceObject: {fileID: 0}
  m_PrefabInstance: {fileID: 0}
  m_PrefabAsset: {fileID: 0}
  serializedVersion: 6
  m_Component:
  - component: {fileID: 5241812176818522367}
  m_Layer: 0
  m_Name: LFeeler
  m_TagString: Untagged
  m_Icon: {fileID: 0}
  m_NavMeshLayer: 0
  m_StaticEditorFlags: 0
  m_IsActive: 1
--- !u!4 &5241812176818522367
Transform:
  m_ObjectHideFlags: 0
  m_CorrespondingSourceObject: {fileID: 0}
  m_PrefabInstance: {fileID: 0}
  m_PrefabAsset: {fileID: 0}
  m_GameObject: {fileID: 2949635415531145122}
  m_LocalRotation: {x: 0.0031107354, y: 0.059360918, z: 0.90344936, w: 0.42455372}
  m_LocalPosition: {x: -0.02610012, y: -0.093371734, z: 0.034438338}
  m_LocalScale: {x: 1, y: 1, z: 1}
  m_Children: []
  m_Father: {fileID: 8249090207333868360}
  m_RootOrder: 2
  m_LocalEulerAnglesHint: {x: 0, y: 0, z: 0}
--- !u!1 &3057382231732112379
GameObject:
  m_ObjectHideFlags: 0
  m_CorrespondingSourceObject: {fileID: 0}
  m_PrefabInstance: {fileID: 0}
  m_PrefabAsset: {fileID: 0}
  serializedVersion: 6
  m_Component:
  - component: {fileID: 8297156484255457698}
  m_Layer: 0
  m_Name: Waist
  m_TagString: Untagged
  m_Icon: {fileID: 0}
  m_NavMeshLayer: 0
  m_StaticEditorFlags: 0
  m_IsActive: 1
--- !u!4 &8297156484255457698
Transform:
  m_ObjectHideFlags: 0
  m_CorrespondingSourceObject: {fileID: 0}
  m_PrefabInstance: {fileID: 0}
  m_PrefabAsset: {fileID: 0}
  m_GameObject: {fileID: 3057382231732112379}
  m_LocalRotation: {x: 0.5, y: 0.5, z: -0.49999982, w: 0.5000002}
  m_LocalPosition: {x: -0, y: 0.15572199, z: 0.00607548}
  m_LocalScale: {x: 1, y: 1, z: 1}
  m_Children:
  - {fileID: 1000536355756262316}
  - {fileID: 8708153522454093308}
  m_Father: {fileID: 325377103297364817}
  m_RootOrder: 0
  m_LocalEulerAnglesHint: {x: 0, y: 0, z: 0}
--- !u!1 &3266429325059426283
GameObject:
  m_ObjectHideFlags: 0
  m_CorrespondingSourceObject: {fileID: 0}
  m_PrefabInstance: {fileID: 0}
  m_PrefabAsset: {fileID: 0}
  serializedVersion: 6
  m_Component:
  - component: {fileID: 8774425972243411490}
  m_Layer: 0
  m_Name: VriMod01
  m_TagString: Untagged
  m_Icon: {fileID: 0}
  m_NavMeshLayer: 0
  m_StaticEditorFlags: 0
  m_IsActive: 1
--- !u!4 &8774425972243411490
Transform:
  m_ObjectHideFlags: 0
  m_CorrespondingSourceObject: {fileID: 0}
  m_PrefabInstance: {fileID: 0}
  m_PrefabAsset: {fileID: 0}
  m_GameObject: {fileID: 3266429325059426283}
  m_LocalRotation: {x: 0, y: -0, z: -0, w: 1}
  m_LocalPosition: {x: -0, y: 0, z: 0}
  m_LocalScale: {x: 1, y: 1, z: 1}
  m_Children:
  - {fileID: 1318542740164235627}
  m_Father: {fileID: 4921651312897867100}
  m_RootOrder: 2
  m_LocalEulerAnglesHint: {x: 0, y: 0, z: 0}
--- !u!1 &3325079173889897096
GameObject:
  m_ObjectHideFlags: 0
  m_CorrespondingSourceObject: {fileID: 0}
  m_PrefabInstance: {fileID: 0}
  m_PrefabAsset: {fileID: 0}
  serializedVersion: 6
  m_Component:
  - component: {fileID: 7359701413182965086}
  m_Layer: 0
  m_Name: Hair1
  m_TagString: Untagged
  m_Icon: {fileID: 0}
  m_NavMeshLayer: 0
  m_StaticEditorFlags: 0
  m_IsActive: 1
--- !u!4 &7359701413182965086
Transform:
  m_ObjectHideFlags: 0
  m_CorrespondingSourceObject: {fileID: 0}
  m_PrefabInstance: {fileID: 0}
  m_PrefabAsset: {fileID: 0}
  m_GameObject: {fileID: 3325079173889897096}
  m_LocalRotation: {x: 0, y: 0.24907784, z: -0, w: 0.96848345}
  m_LocalPosition: {x: -0.204113, y: 0, z: 0.01937667}
  m_LocalScale: {x: 1, y: 1, z: 1}
  m_Children:
  - {fileID: 1944359081958877884}
  m_Father: {fileID: 8249090207333868360}
  m_RootOrder: 0
  m_LocalEulerAnglesHint: {x: 0, y: 0, z: 0}
--- !u!1 &3522448879567656518
GameObject:
  m_ObjectHideFlags: 0
  m_CorrespondingSourceObject: {fileID: 0}
  m_PrefabInstance: {fileID: 0}
  m_PrefabAsset: {fileID: 0}
  serializedVersion: 6
  m_Component:
  - component: {fileID: 314196420640070722}
  m_Layer: 0
  m_Name: RLeg
  m_TagString: Untagged
  m_Icon: {fileID: 0}
  m_NavMeshLayer: 0
  m_StaticEditorFlags: 0
  m_IsActive: 1
--- !u!4 &314196420640070722
Transform:
  m_ObjectHideFlags: 0
  m_CorrespondingSourceObject: {fileID: 0}
  m_PrefabInstance: {fileID: 0}
  m_PrefabAsset: {fileID: 0}
  m_GameObject: {fileID: 3522448879567656518}
  m_LocalRotation: {x: 0, y: -0.2571801, z: -0, w: 0.9663635}
  m_LocalPosition: {x: -0.05963964, y: 0, z: -0.00000003}
  m_LocalScale: {x: 1, y: 1, z: 1}
  m_Children:
  - {fileID: 1321202527249077750}
  m_Father: {fileID: 1848840420083826978}
  m_RootOrder: 0
  m_LocalEulerAnglesHint: {x: 0, y: 0, z: 0}
--- !u!1 &3531533279711913975
GameObject:
  m_ObjectHideFlags: 0
  m_CorrespondingSourceObject: {fileID: 0}
  m_PrefabInstance: {fileID: 0}
  m_PrefabAsset: {fileID: 0}
  serializedVersion: 6
  m_Component:
  - component: {fileID: 8464352037259584107}
  m_Layer: 0
  m_Name: Tail1
  m_TagString: Untagged
  m_Icon: {fileID: 0}
  m_NavMeshLayer: 0
  m_StaticEditorFlags: 0
  m_IsActive: 1
--- !u!4 &8464352037259584107
Transform:
  m_ObjectHideFlags: 0
  m_CorrespondingSourceObject: {fileID: 0}
  m_PrefabInstance: {fileID: 0}
  m_PrefabAsset: {fileID: 0}
  m_GameObject: {fileID: 3531533279711913975}
  m_LocalRotation: {x: 1, y: -0, z: 0, w: 6.123234e-17}
  m_LocalPosition: {x: -0.12136039, y: 0, z: -0.00053241}
  m_LocalScale: {x: 1, y: 1, z: 1}
  m_Children:
  - {fileID: 1677533561309169179}
  m_Father: {fileID: 1000536355756262316}
  m_RootOrder: 3
  m_LocalEulerAnglesHint: {x: 0, y: 0, z: 0}
--- !u!1 &3856804949504501092
GameObject:
  m_ObjectHideFlags: 0
  m_CorrespondingSourceObject: {fileID: 0}
  m_PrefabInstance: {fileID: 0}
  m_PrefabAsset: {fileID: 0}
  serializedVersion: 6
  m_Component:
  - component: {fileID: 6287275776920249028}
  m_Layer: 0
  m_Name: LFoot
  m_TagString: Untagged
  m_Icon: {fileID: 0}
  m_NavMeshLayer: 0
  m_StaticEditorFlags: 0
  m_IsActive: 1
--- !u!4 &6287275776920249028
Transform:
  m_ObjectHideFlags: 0
  m_CorrespondingSourceObject: {fileID: 0}
  m_PrefabInstance: {fileID: 0}
  m_PrefabAsset: {fileID: 0}
  m_GameObject: {fileID: 3856804949504501092}
  m_LocalRotation: {x: 8.494395e-17, y: 0.83106554, z: -8.494395e-17, w: 0.5561745}
  m_LocalPosition: {x: -0.0600218, y: 0, z: 0}
  m_LocalScale: {x: 1, y: 1, z: 1}
  m_Children:
  - {fileID: 241876613119453714}
  m_Father: {fileID: 6073830548637701361}
  m_RootOrder: 0
  m_LocalEulerAnglesHint: {x: 0, y: 0, z: 0}
--- !u!1 &4026839363689376009
GameObject:
  m_ObjectHideFlags: 0
  m_CorrespondingSourceObject: {fileID: 0}
  m_PrefabInstance: {fileID: 0}
  m_PrefabAsset: {fileID: 0}
  serializedVersion: 6
  m_Component:
  - component: {fileID: 8249090207333868360}
  m_Layer: 0
  m_Name: Head
  m_TagString: Untagged
  m_Icon: {fileID: 0}
  m_NavMeshLayer: 0
  m_StaticEditorFlags: 0
  m_IsActive: 1
--- !u!4 &8249090207333868360
Transform:
  m_ObjectHideFlags: 0
  m_CorrespondingSourceObject: {fileID: 0}
  m_PrefabInstance: {fileID: 0}
  m_PrefabAsset: {fileID: 0}
  m_GameObject: {fileID: 4026839363689376009}
  m_LocalRotation: {x: 0, y: -0, z: -0, w: 1}
  m_LocalPosition: {x: -0.066909514, y: 0, z: 0}
  m_LocalScale: {x: 1, y: 1, z: 1}
  m_Children:
  - {fileID: 7359701413182965086}
  - {fileID: 5678830377260724748}
  - {fileID: 5241812176818522367}
  - {fileID: 1990679746770809109}
  - {fileID: 8500696484527526874}
  - {fileID: 3383293783831554443}
  m_Father: {fileID: 1360662391394866002}
  m_RootOrder: 0
  m_LocalEulerAnglesHint: {x: 0, y: 0, z: 0}
--- !u!1 &4093114923119700659
GameObject:
  m_ObjectHideFlags: 0
  m_CorrespondingSourceObject: {fileID: 0}
  m_PrefabInstance: {fileID: 0}
  m_PrefabAsset: {fileID: 0}
  serializedVersion: 6
  m_Component:
  - component: {fileID: 105359891919865241}
  - component: {fileID: 2756078433135385405}
  m_Layer: 0
  m_Name: Body01_01_OptMesh_8_0_node
  m_TagString: Untagged
  m_Icon: {fileID: 0}
  m_NavMeshLayer: 0
  m_StaticEditorFlags: 0
  m_IsActive: 1
--- !u!4 &105359891919865241
Transform:
  m_ObjectHideFlags: 0
  m_CorrespondingSourceObject: {fileID: 0}
  m_PrefabInstance: {fileID: 0}
  m_PrefabAsset: {fileID: 0}
  m_GameObject: {fileID: 4093114923119700659}
  m_LocalRotation: {x: 0, y: -0, z: -0, w: 1}
  m_LocalPosition: {x: -0, y: 0, z: 0}
  m_LocalScale: {x: 1, y: 1, z: 1}
  m_Children: []
  m_Father: {fileID: 355942678479547182}
  m_RootOrder: 3
  m_LocalEulerAnglesHint: {x: 0, y: 0, z: 0}
--- !u!137 &2756078433135385405
SkinnedMeshRenderer:
  m_ObjectHideFlags: 0
  m_CorrespondingSourceObject: {fileID: 0}
  m_PrefabInstance: {fileID: 0}
  m_PrefabAsset: {fileID: 0}
  m_GameObject: {fileID: 4093114923119700659}
  m_Enabled: 1
  m_CastShadows: 1
  m_ReceiveShadows: 1
  m_DynamicOccludee: 1
  m_MotionVectors: 1
  m_LightProbeUsage: 1
  m_ReflectionProbeUsage: 1
  m_RayTracingMode: 0
  m_RenderingLayerMask: 1
  m_RendererPriority: 0
  m_Materials:
  - {fileID: 2100000, guid: f672e95d04d1abc47ad644a5263addcb, type: 2}
  m_StaticBatchInfo:
    firstSubMesh: 0
    subMeshCount: 0
  m_StaticBatchRoot: {fileID: 0}
  m_ProbeAnchor: {fileID: 0}
  m_LightProbeVolumeOverride: {fileID: 0}
  m_ScaleInLightmap: 1
  m_ReceiveGI: 1
  m_PreserveUVs: 0
  m_IgnoreNormalsForChartDetection: 0
  m_ImportantGI: 0
  m_StitchLightmapSeams: 1
  m_SelectedEditorRenderState: 3
  m_MinimumChartSize: 4
  m_AutoUVMaxDistance: 0.5
  m_AutoUVMaxAngle: 89
  m_LightmapParameters: {fileID: 0}
  m_SortingLayerID: 0
  m_SortingLayer: 0
  m_SortingOrder: 0
  serializedVersion: 2
  m_Quality: 0
  m_UpdateWhenOffscreen: 1
  m_SkinnedMotionVectors: 1
  m_Mesh: {fileID: 1426928154171969675, guid: 56038c55a1607f34faf69c1c368d1c3d, type: 3}
  m_Bones:
  - {fileID: 4921651312897867100}
  - {fileID: 325377103297364817}
  - {fileID: 8297156484255457698}
  - {fileID: 8708153522454093308}
  - {fileID: 2281943258862200825}
  - {fileID: 1360662391394866002}
  - {fileID: 8249090207333868360}
  - {fileID: 1990679746770809109}
  - {fileID: 5678830377260724748}
  - {fileID: 5479299443329955983}
  - {fileID: 8500696484527526874}
  - {fileID: 3810287343429741411}
  - {fileID: 7359701413182965086}
  - {fileID: 1944359081958877884}
  - {fileID: 5241812176818522367}
  - {fileID: 3383293783831554443}
  - {fileID: 8146667655784963366}
  - {fileID: 1887672540636098913}
  - {fileID: 8768237499108752225}
  - {fileID: 2959931469094278733}
  - {fileID: 4722584447869953226}
  - {fileID: 310259976987378553}
  - {fileID: 2818328718032015120}
  - {fileID: 2852588398679198181}
  - {fileID: 7721893889390408373}
  - {fileID: 5508504478509804226}
  - {fileID: 6484767553159777276}
  - {fileID: 654894359955329670}
  - {fileID: 1000536355756262316}
  - {fileID: 2243384192929593066}
  - {fileID: 6073830548637701361}
  - {fileID: 6287275776920249028}
  - {fileID: 241876613119453714}
  - {fileID: 2584724160866603965}
  - {fileID: 1848840420083826978}
  - {fileID: 314196420640070722}
  - {fileID: 1321202527249077750}
  - {fileID: 5133971007454450266}
  - {fileID: 2979322622397546896}
  - {fileID: 1104837528972731268}
  - {fileID: 8464352037259584107}
  - {fileID: 1677533561309169179}
  - {fileID: 7872619114589350706}
  - {fileID: 6557227391007606276}
  - {fileID: 5487809626234337824}
  - {fileID: 1912607750489480232}
  - {fileID: 8774425972243411490}
  - {fileID: 1318542740164235627}
  m_BlendShapeWeights: []
  m_RootBone: {fileID: 4921651312897867100}
  m_AABB:
    m_Center: {x: -0.000000029802322, y: 0.32562155, z: 0.17270279}
    m_Extent: {x: 0.26748854, y: 0.16213484, z: 0.16184998}
  m_DirtyAABB: 0
--- !u!1 &4331932175855317752
GameObject:
  m_ObjectHideFlags: 0
  m_CorrespondingSourceObject: {fileID: 0}
  m_PrefabInstance: {fileID: 0}
  m_PrefabAsset: {fileID: 0}
  serializedVersion: 6
  m_Component:
  - component: {fileID: 7872619114589350706}
  m_Layer: 0
  m_Name: Tail3
  m_TagString: Untagged
  m_Icon: {fileID: 0}
  m_NavMeshLayer: 0
  m_StaticEditorFlags: 0
  m_IsActive: 1
--- !u!4 &7872619114589350706
Transform:
  m_ObjectHideFlags: 0
  m_CorrespondingSourceObject: {fileID: 0}
  m_PrefabInstance: {fileID: 0}
  m_PrefabAsset: {fileID: 0}
  m_GameObject: {fileID: 4331932175855317752}
  m_LocalRotation: {x: 0, y: -0, z: -0, w: 1}
  m_LocalPosition: {x: -0.063819475, y: 0, z: 0}
  m_LocalScale: {x: 1, y: 1, z: 1}
  m_Children:
  - {fileID: 6557227391007606276}
  m_Father: {fileID: 1677533561309169179}
  m_RootOrder: 0
  m_LocalEulerAnglesHint: {x: 0, y: 0, z: 0}
--- !u!1 &4486393284503627878
GameObject:
  m_ObjectHideFlags: 0
  m_CorrespondingSourceObject: {fileID: 0}
  m_PrefabInstance: {fileID: 0}
  m_PrefabAsset: {fileID: 0}
  serializedVersion: 6
  m_Component:
  - component: {fileID: 8920612470564034903}
  - component: {fileID: 7385511796064519464}
  m_Layer: 0
  m_Name: LIris_OptMesh_0_0_node
  m_TagString: Untagged
  m_Icon: {fileID: 0}
  m_NavMeshLayer: 0
  m_StaticEditorFlags: 0
  m_IsActive: 1
--- !u!4 &8920612470564034903
Transform:
  m_ObjectHideFlags: 0
  m_CorrespondingSourceObject: {fileID: 0}
  m_PrefabInstance: {fileID: 0}
  m_PrefabAsset: {fileID: 0}
  m_GameObject: {fileID: 4486393284503627878}
  m_LocalRotation: {x: 0, y: -0, z: -0, w: 1}
  m_LocalPosition: {x: -0, y: 0, z: 0}
  m_LocalScale: {x: 1, y: 1, z: 1}
  m_Children: []
  m_Father: {fileID: 355942678479547182}
  m_RootOrder: 6
  m_LocalEulerAnglesHint: {x: 0, y: 0, z: 0}
--- !u!137 &7385511796064519464
SkinnedMeshRenderer:
  m_ObjectHideFlags: 0
  m_CorrespondingSourceObject: {fileID: 0}
  m_PrefabInstance: {fileID: 0}
  m_PrefabAsset: {fileID: 0}
  m_GameObject: {fileID: 4486393284503627878}
  m_Enabled: 1
  m_CastShadows: 1
  m_ReceiveShadows: 1
  m_DynamicOccludee: 1
  m_MotionVectors: 1
  m_LightProbeUsage: 1
  m_ReflectionProbeUsage: 1
  m_RayTracingMode: 0
  m_RenderingLayerMask: 1
  m_RendererPriority: 0
  m_Materials:
  - {fileID: 2100000, guid: a6a0190ac806a524fbeb146ecbc8a70a, type: 2}
  m_StaticBatchInfo:
    firstSubMesh: 0
    subMeshCount: 0
  m_StaticBatchRoot: {fileID: 0}
  m_ProbeAnchor: {fileID: 0}
  m_LightProbeVolumeOverride: {fileID: 0}
  m_ScaleInLightmap: 1
  m_ReceiveGI: 1
  m_PreserveUVs: 0
  m_IgnoreNormalsForChartDetection: 0
  m_ImportantGI: 0
  m_StitchLightmapSeams: 1
  m_SelectedEditorRenderState: 3
  m_MinimumChartSize: 4
  m_AutoUVMaxDistance: 0.5
  m_AutoUVMaxAngle: 89
  m_LightmapParameters: {fileID: 0}
  m_SortingLayerID: 0
  m_SortingLayer: 0
  m_SortingOrder: 0
  serializedVersion: 2
  m_Quality: 0
  m_UpdateWhenOffscreen: 1
  m_SkinnedMotionVectors: 1
  m_Mesh: {fileID: 2895984831637680, guid: 56038c55a1607f34faf69c1c368d1c3d, type: 3}
  m_Bones:
  - {fileID: 4921651312897867100}
  - {fileID: 325377103297364817}
  - {fileID: 8297156484255457698}
  - {fileID: 8708153522454093308}
  - {fileID: 2281943258862200825}
  - {fileID: 1360662391394866002}
  - {fileID: 8249090207333868360}
  - {fileID: 1990679746770809109}
  - {fileID: 5678830377260724748}
  - {fileID: 5479299443329955983}
  - {fileID: 8500696484527526874}
  - {fileID: 3810287343429741411}
  - {fileID: 7359701413182965086}
  - {fileID: 1944359081958877884}
  - {fileID: 5241812176818522367}
  - {fileID: 3383293783831554443}
  - {fileID: 8146667655784963366}
  - {fileID: 1887672540636098913}
  - {fileID: 8768237499108752225}
  - {fileID: 2959931469094278733}
  - {fileID: 4722584447869953226}
  - {fileID: 310259976987378553}
  - {fileID: 2818328718032015120}
  - {fileID: 2852588398679198181}
  - {fileID: 7721893889390408373}
  - {fileID: 5508504478509804226}
  - {fileID: 6484767553159777276}
  - {fileID: 654894359955329670}
  - {fileID: 1000536355756262316}
  - {fileID: 2243384192929593066}
  - {fileID: 6073830548637701361}
  - {fileID: 6287275776920249028}
  - {fileID: 241876613119453714}
  - {fileID: 2584724160866603965}
  - {fileID: 1848840420083826978}
  - {fileID: 314196420640070722}
  - {fileID: 1321202527249077750}
  - {fileID: 5133971007454450266}
  - {fileID: 2979322622397546896}
  - {fileID: 1104837528972731268}
  - {fileID: 8464352037259584107}
  - {fileID: 1677533561309169179}
  - {fileID: 7872619114589350706}
  - {fileID: 6557227391007606276}
  - {fileID: 5487809626234337824}
  - {fileID: 1912607750489480232}
  - {fileID: 8774425972243411490}
  - {fileID: 1318542740164235627}
  m_BlendShapeWeights: []
  m_RootBone: {fileID: 4921651312897867100}
  m_AABB:
    m_Center: {x: -0.07512247, y: 0.29111993, z: 0.25195515}
    m_Extent: {x: 0.048643515, y: 0.06502393, z: 0.047528833}
  m_DirtyAABB: 0
--- !u!1 &4603231540198208794
GameObject:
  m_ObjectHideFlags: 0
  m_CorrespondingSourceObject: {fileID: 0}
  m_PrefabInstance: {fileID: 0}
  m_PrefabAsset: {fileID: 0}
  serializedVersion: 6
  m_Component:
  - component: {fileID: 4500052033779412539}
  - component: {fileID: 3519014355035382860}
  m_Layer: 0
  m_Name: BodyVco_01_OptMesh_7_0_node
  m_TagString: Untagged
  m_Icon: {fileID: 0}
  m_NavMeshLayer: 0
  m_StaticEditorFlags: 0
  m_IsActive: 1
--- !u!4 &4500052033779412539
Transform:
  m_ObjectHideFlags: 0
  m_CorrespondingSourceObject: {fileID: 0}
  m_PrefabInstance: {fileID: 0}
  m_PrefabAsset: {fileID: 0}
  m_GameObject: {fileID: 4603231540198208794}
  m_LocalRotation: {x: 0, y: -0, z: -0, w: 1}
  m_LocalPosition: {x: -0, y: 0, z: 0}
  m_LocalScale: {x: 1, y: 1, z: 1}
  m_Children: []
  m_Father: {fileID: 355942678479547182}
  m_RootOrder: 4
  m_LocalEulerAnglesHint: {x: 0, y: 0, z: 0}
--- !u!137 &3519014355035382860
SkinnedMeshRenderer:
  m_ObjectHideFlags: 0
  m_CorrespondingSourceObject: {fileID: 0}
  m_PrefabInstance: {fileID: 0}
  m_PrefabAsset: {fileID: 0}
  m_GameObject: {fileID: 4603231540198208794}
  m_Enabled: 1
  m_CastShadows: 1
  m_ReceiveShadows: 1
  m_DynamicOccludee: 1
  m_MotionVectors: 1
  m_LightProbeUsage: 1
  m_ReflectionProbeUsage: 1
  m_RayTracingMode: 0
  m_RenderingLayerMask: 1
  m_RendererPriority: 0
  m_Materials:
  - {fileID: 2100000, guid: f672e95d04d1abc47ad644a5263addcb, type: 2}
  m_StaticBatchInfo:
    firstSubMesh: 0
    subMeshCount: 0
  m_StaticBatchRoot: {fileID: 0}
  m_ProbeAnchor: {fileID: 0}
  m_LightProbeVolumeOverride: {fileID: 0}
  m_ScaleInLightmap: 1
  m_ReceiveGI: 1
  m_PreserveUVs: 0
  m_IgnoreNormalsForChartDetection: 0
  m_ImportantGI: 0
  m_StitchLightmapSeams: 1
  m_SelectedEditorRenderState: 3
  m_MinimumChartSize: 4
  m_AutoUVMaxDistance: 0.5
  m_AutoUVMaxAngle: 89
  m_LightmapParameters: {fileID: 0}
  m_SortingLayerID: 0
  m_SortingLayer: 0
  m_SortingOrder: 0
  serializedVersion: 2
  m_Quality: 0
  m_UpdateWhenOffscreen: 1
  m_SkinnedMotionVectors: 1
  m_Mesh: {fileID: 4088925511615366853, guid: 56038c55a1607f34faf69c1c368d1c3d, type: 3}
  m_Bones:
  - {fileID: 4921651312897867100}
  - {fileID: 325377103297364817}
  - {fileID: 8297156484255457698}
  - {fileID: 8708153522454093308}
  - {fileID: 2281943258862200825}
  - {fileID: 1360662391394866002}
  - {fileID: 8249090207333868360}
  - {fileID: 1990679746770809109}
  - {fileID: 5678830377260724748}
  - {fileID: 5479299443329955983}
  - {fileID: 8500696484527526874}
  - {fileID: 3810287343429741411}
  - {fileID: 7359701413182965086}
  - {fileID: 1944359081958877884}
  - {fileID: 5241812176818522367}
  - {fileID: 3383293783831554443}
  - {fileID: 8146667655784963366}
  - {fileID: 1887672540636098913}
  - {fileID: 8768237499108752225}
  - {fileID: 2959931469094278733}
  - {fileID: 4722584447869953226}
  - {fileID: 310259976987378553}
  - {fileID: 2818328718032015120}
  - {fileID: 2852588398679198181}
  - {fileID: 7721893889390408373}
  - {fileID: 5508504478509804226}
  - {fileID: 6484767553159777276}
  - {fileID: 654894359955329670}
  - {fileID: 1000536355756262316}
  - {fileID: 2243384192929593066}
  - {fileID: 6073830548637701361}
  - {fileID: 6287275776920249028}
  - {fileID: 241876613119453714}
  - {fileID: 2584724160866603965}
  - {fileID: 1848840420083826978}
  - {fileID: 314196420640070722}
  - {fileID: 1321202527249077750}
  - {fileID: 5133971007454450266}
  - {fileID: 2979322622397546896}
  - {fileID: 1104837528972731268}
  - {fileID: 8464352037259584107}
  - {fileID: 1677533561309169179}
  - {fileID: 7872619114589350706}
  - {fileID: 6557227391007606276}
  - {fileID: 5487809626234337824}
  - {fileID: 1912607750489480232}
  - {fileID: 8774425972243411490}
  - {fileID: 1318542740164235627}
  m_BlendShapeWeights: []
  m_RootBone: {fileID: 4921651312897867100}
  m_AABB:
    m_Center: {x: -0.000000059604645, y: 0.12715007, z: -0.125698}
    m_Extent: {x: 0.09535501, y: 0.12445926, z: 0.30233365}
  m_DirtyAABB: 0
--- !u!1 &4761147886279095385
GameObject:
  m_ObjectHideFlags: 0
  m_CorrespondingSourceObject: {fileID: 0}
  m_PrefabInstance: {fileID: 0}
  m_PrefabAsset: {fileID: 0}
  serializedVersion: 6
  m_Component:
  - component: {fileID: 1360662391394866002}
  m_Layer: 0
  m_Name: Neck
  m_TagString: Untagged
  m_Icon: {fileID: 0}
  m_NavMeshLayer: 0
  m_StaticEditorFlags: 0
  m_IsActive: 1
--- !u!4 &1360662391394866002
Transform:
  m_ObjectHideFlags: 0
  m_CorrespondingSourceObject: {fileID: 0}
  m_PrefabInstance: {fileID: 0}
  m_PrefabAsset: {fileID: 0}
  m_GameObject: {fileID: 4761147886279095385}
  m_LocalRotation: {x: 0, y: -0.6685911, z: -0, w: 0.7436303}
  m_LocalPosition: {x: -0.05143137, y: 0, z: 0}
  m_LocalScale: {x: 1, y: 1, z: 1}
  m_Children:
  - {fileID: 8249090207333868360}
  m_Father: {fileID: 2281943258862200825}
  m_RootOrder: 1
  m_LocalEulerAnglesHint: {x: 0, y: 0, z: 0}
--- !u!1 &4863466594775857538
GameObject:
  m_ObjectHideFlags: 0
  m_CorrespondingSourceObject: {fileID: 0}
  m_PrefabInstance: {fileID: 0}
  m_PrefabAsset: {fileID: 0}
  serializedVersion: 6
  m_Component:
  - component: {fileID: 1912607750489480232}
  m_Layer: 0
  m_Name: pm0403_00_IrisSkin
  m_TagString: Untagged
  m_Icon: {fileID: 0}
  m_NavMeshLayer: 0
  m_StaticEditorFlags: 0
  m_IsActive: 1
--- !u!4 &1912607750489480232
Transform:
  m_ObjectHideFlags: 0
  m_CorrespondingSourceObject: {fileID: 0}
  m_PrefabInstance: {fileID: 0}
  m_PrefabAsset: {fileID: 0}
  m_GameObject: {fileID: 4863466594775857538}
  m_LocalRotation: {x: 0, y: -0, z: -0, w: 1}
  m_LocalPosition: {x: -0, y: 0, z: 0}
  m_LocalScale: {x: 1, y: 1, z: 1}
  m_Children: []
  m_Father: {fileID: 4921651312897867100}
  m_RootOrder: 1
  m_LocalEulerAnglesHint: {x: 0, y: 0, z: 0}
--- !u!1 &4963447609437160359
GameObject:
  m_ObjectHideFlags: 0
  m_CorrespondingSourceObject: {fileID: 0}
  m_PrefabInstance: {fileID: 0}
  m_PrefabAsset: {fileID: 0}
  serializedVersion: 6
  m_Component:
  - component: {fileID: 3400614611181715237}
  - component: {fileID: 8394637250613790089}
  m_Layer: 0
  m_Name: Body00_01_OptMesh_5_0_node
  m_TagString: Untagged
  m_Icon: {fileID: 0}
  m_NavMeshLayer: 0
  m_StaticEditorFlags: 0
  m_IsActive: 1
--- !u!4 &3400614611181715237
Transform:
  m_ObjectHideFlags: 0
  m_CorrespondingSourceObject: {fileID: 0}
  m_PrefabInstance: {fileID: 0}
  m_PrefabAsset: {fileID: 0}
  m_GameObject: {fileID: 4963447609437160359}
  m_LocalRotation: {x: 0, y: -0, z: -0, w: 1}
  m_LocalPosition: {x: -0, y: 0, z: 0}
  m_LocalScale: {x: 1, y: 1, z: 1}
  m_Children: []
  m_Father: {fileID: 355942678479547182}
  m_RootOrder: 1
  m_LocalEulerAnglesHint: {x: 0, y: 0, z: 0}
--- !u!137 &8394637250613790089
SkinnedMeshRenderer:
  m_ObjectHideFlags: 0
  m_CorrespondingSourceObject: {fileID: 0}
  m_PrefabInstance: {fileID: 0}
  m_PrefabAsset: {fileID: 0}
  m_GameObject: {fileID: 4963447609437160359}
  m_Enabled: 1
  m_CastShadows: 1
  m_ReceiveShadows: 1
  m_DynamicOccludee: 1
  m_MotionVectors: 1
  m_LightProbeUsage: 1
  m_ReflectionProbeUsage: 1
  m_RayTracingMode: 0
  m_RenderingLayerMask: 1
  m_RendererPriority: 0
  m_Materials:
  - {fileID: 2100000, guid: f672e95d04d1abc47ad644a5263addcb, type: 2}
  m_StaticBatchInfo:
    firstSubMesh: 0
    subMeshCount: 0
  m_StaticBatchRoot: {fileID: 0}
  m_ProbeAnchor: {fileID: 0}
  m_LightProbeVolumeOverride: {fileID: 0}
  m_ScaleInLightmap: 1
  m_ReceiveGI: 1
  m_PreserveUVs: 0
  m_IgnoreNormalsForChartDetection: 0
  m_ImportantGI: 0
  m_StitchLightmapSeams: 1
  m_SelectedEditorRenderState: 3
  m_MinimumChartSize: 4
  m_AutoUVMaxDistance: 0.5
  m_AutoUVMaxAngle: 89
  m_LightmapParameters: {fileID: 0}
  m_SortingLayerID: 0
  m_SortingLayer: 0
  m_SortingOrder: 0
  serializedVersion: 2
  m_Quality: 0
  m_UpdateWhenOffscreen: 1
  m_SkinnedMotionVectors: 1
  m_Mesh: {fileID: 7622424257848451409, guid: 56038c55a1607f34faf69c1c368d1c3d, type: 3}
  m_Bones:
  - {fileID: 4921651312897867100}
  - {fileID: 325377103297364817}
  - {fileID: 8297156484255457698}
  - {fileID: 8708153522454093308}
  - {fileID: 2281943258862200825}
  - {fileID: 1360662391394866002}
  - {fileID: 8249090207333868360}
  - {fileID: 1990679746770809109}
  - {fileID: 5678830377260724748}
  - {fileID: 5479299443329955983}
  - {fileID: 8500696484527526874}
  - {fileID: 3810287343429741411}
  - {fileID: 7359701413182965086}
  - {fileID: 1944359081958877884}
  - {fileID: 5241812176818522367}
  - {fileID: 3383293783831554443}
  - {fileID: 8146667655784963366}
  - {fileID: 1887672540636098913}
  - {fileID: 8768237499108752225}
  - {fileID: 2959931469094278733}
  - {fileID: 4722584447869953226}
  - {fileID: 310259976987378553}
  - {fileID: 2818328718032015120}
  - {fileID: 2852588398679198181}
  - {fileID: 7721893889390408373}
  - {fileID: 5508504478509804226}
  - {fileID: 6484767553159777276}
  - {fileID: 654894359955329670}
  - {fileID: 1000536355756262316}
  - {fileID: 2243384192929593066}
  - {fileID: 6073830548637701361}
  - {fileID: 6287275776920249028}
  - {fileID: 241876613119453714}
  - {fileID: 2584724160866603965}
  - {fileID: 1848840420083826978}
  - {fileID: 314196420640070722}
  - {fileID: 1321202527249077750}
  - {fileID: 5133971007454450266}
  - {fileID: 2979322622397546896}
  - {fileID: 1104837528972731268}
  - {fileID: 8464352037259584107}
  - {fileID: 1677533561309169179}
  - {fileID: 7872619114589350706}
  - {fileID: 6557227391007606276}
  - {fileID: 5487809626234337824}
  - {fileID: 1912607750489480232}
  - {fileID: 8774425972243411490}
  - {fileID: 1318542740164235627}
  m_BlendShapeWeights: []
  m_RootBone: {fileID: 4921651312897867100}
  m_AABB:
    m_Center: {x: 0.03854204, y: 0.09999573, z: -0.11340615}
    m_Extent: {x: 0.052839905, y: 0.10997358, z: 0.2918348}
  m_DirtyAABB: 0
--- !u!1 &5101422768086858888
GameObject:
  m_ObjectHideFlags: 0
  m_CorrespondingSourceObject: {fileID: 0}
  m_PrefabInstance: {fileID: 0}
  m_PrefabAsset: {fileID: 0}
  serializedVersion: 6
  m_Component:
  - component: {fileID: 654894359955329670}
  m_Layer: 0
  m_Name: RFinger2
  m_TagString: Untagged
  m_Icon: {fileID: 0}
  m_NavMeshLayer: 0
  m_StaticEditorFlags: 0
  m_IsActive: 1
--- !u!4 &654894359955329670
Transform:
  m_ObjectHideFlags: 0
  m_CorrespondingSourceObject: {fileID: 0}
  m_PrefabInstance: {fileID: 0}
  m_PrefabAsset: {fileID: 0}
  m_GameObject: {fileID: 5101422768086858888}
  m_LocalRotation: {x: 0, y: -0, z: -0, w: 1}
  m_LocalPosition: {x: -0.014068, y: 0, z: 0}
  m_LocalScale: {x: 1, y: 1, z: 1}
  m_Children: []
  m_Father: {fileID: 6484767553159777276}
  m_RootOrder: 0
  m_LocalEulerAnglesHint: {x: 0, y: 0, z: 0}
--- !u!1 &5177624550811623511
GameObject:
  m_ObjectHideFlags: 0
  m_CorrespondingSourceObject: {fileID: 0}
  m_PrefabInstance: {fileID: 0}
  m_PrefabAsset: {fileID: 0}
  serializedVersion: 6
  m_Component:
  - component: {fileID: 1318542740164235627}
  m_Layer: 0
  m_Name: pm0403_01_BodySkin
  m_TagString: Untagged
  m_Icon: {fileID: 0}
  m_NavMeshLayer: 0
  m_StaticEditorFlags: 0
  m_IsActive: 1
--- !u!4 &1318542740164235627
Transform:
  m_ObjectHideFlags: 0
  m_CorrespondingSourceObject: {fileID: 0}
  m_PrefabInstance: {fileID: 0}
  m_PrefabAsset: {fileID: 0}
  m_GameObject: {fileID: 5177624550811623511}
  m_LocalRotation: {x: 0, y: -0, z: -0, w: 1}
  m_LocalPosition: {x: -0, y: 0, z: 0}
  m_LocalScale: {x: 1, y: 1, z: 1}
  m_Children: []
  m_Father: {fileID: 8774425972243411490}
  m_RootOrder: 0
  m_LocalEulerAnglesHint: {x: 0, y: 0, z: 0}
--- !u!1 &5252980964591319343
GameObject:
  m_ObjectHideFlags: 0
  m_CorrespondingSourceObject: {fileID: 0}
  m_PrefabInstance: {fileID: 0}
  m_PrefabAsset: {fileID: 0}
  serializedVersion: 6
  m_Component:
  - component: {fileID: 1104837528972731268}
  m_Layer: 0
  m_Name: Feeler
  m_TagString: Untagged
  m_Icon: {fileID: 0}
  m_NavMeshLayer: 0
  m_StaticEditorFlags: 0
  m_IsActive: 1
--- !u!4 &1104837528972731268
Transform:
  m_ObjectHideFlags: 0
  m_CorrespondingSourceObject: {fileID: 0}
  m_PrefabInstance: {fileID: 0}
  m_PrefabAsset: {fileID: 0}
  m_GameObject: {fileID: 5252980964591319343}
  m_LocalRotation: {x: 0.97691053, y: 1.3082219e-17, z: 0.21364884, w: -5.981852e-17}
  m_LocalPosition: {x: -0.09494837, y: 0, z: -0.0048339}
  m_LocalScale: {x: 1, y: 1, z: 1}
  m_Children: []
  m_Father: {fileID: 1000536355756262316}
  m_RootOrder: 0
  m_LocalEulerAnglesHint: {x: 0, y: 0, z: 0}
--- !u!1 &5462644808969654911
GameObject:
  m_ObjectHideFlags: 0
  m_CorrespondingSourceObject: {fileID: 0}
  m_PrefabInstance: {fileID: 0}
  m_PrefabAsset: {fileID: 0}
  serializedVersion: 6
  m_Component:
  - component: {fileID: 8500696484527526874}
  m_Layer: 0
  m_Name: REar1
  m_TagString: Untagged
  m_Icon: {fileID: 0}
  m_NavMeshLayer: 0
  m_StaticEditorFlags: 0
  m_IsActive: 1
--- !u!4 &8500696484527526874
Transform:
  m_ObjectHideFlags: 0
  m_CorrespondingSourceObject: {fileID: 0}
  m_PrefabInstance: {fileID: 0}
  m_PrefabAsset: {fileID: 0}
  m_GameObject: {fileID: 5462644808969654911}
  m_LocalRotation: {x: 0.08650061, y: -0.08650057, z: -0.70179594, w: 0.7017961}
  m_LocalPosition: {x: -0.1012018, y: 0.125257, z: 0.01906981}
  m_LocalScale: {x: 1, y: 1, z: 1}
  m_Children:
  - {fileID: 3810287343429741411}
  m_Father: {fileID: 8249090207333868360}
  m_RootOrder: 4
  m_LocalEulerAnglesHint: {x: 0, y: 0, z: 0}
--- !u!1 &5531368708179501463
GameObject:
  m_ObjectHideFlags: 0
  m_CorrespondingSourceObject: {fileID: 0}
  m_PrefabInstance: {fileID: 0}
  m_PrefabAsset: {fileID: 0}
  serializedVersion: 6
  m_Component:
  - component: {fileID: 3383293783831554443}
  m_Layer: 0
  m_Name: RFeeler
  m_TagString: Untagged
  m_Icon: {fileID: 0}
  m_NavMeshLayer: 0
  m_StaticEditorFlags: 0
  m_IsActive: 1
--- !u!4 &3383293783831554443
Transform:
  m_ObjectHideFlags: 0
  m_CorrespondingSourceObject: {fileID: 0}
  m_PrefabInstance: {fileID: 0}
  m_PrefabAsset: {fileID: 0}
  m_GameObject: {fileID: 5531368708179501463}
  m_LocalRotation: {x: 0.0031107354, y: -0.059360918, z: 0.90344936, w: -0.42455372}
  m_LocalPosition: {x: -0.026099829, y: 0.09337168, z: 0.034438718}
  m_LocalScale: {x: 1, y: 1, z: 1}
  m_Children: []
  m_Father: {fileID: 8249090207333868360}
  m_RootOrder: 5
  m_LocalEulerAnglesHint: {x: 0, y: 0, z: 0}
--- !u!1 &5613052536865600802
GameObject:
  m_ObjectHideFlags: 0
  m_CorrespondingSourceObject: {fileID: 0}
  m_PrefabInstance: {fileID: 0}
  m_PrefabAsset: {fileID: 0}
  serializedVersion: 6
  m_Component:
  - component: {fileID: 3810287343429741411}
  m_Layer: 0
  m_Name: REar2
  m_TagString: Untagged
  m_Icon: {fileID: 0}
  m_NavMeshLayer: 0
  m_StaticEditorFlags: 0
  m_IsActive: 1
--- !u!4 &3810287343429741411
Transform:
  m_ObjectHideFlags: 0
  m_CorrespondingSourceObject: {fileID: 0}
  m_PrefabInstance: {fileID: 0}
  m_PrefabAsset: {fileID: 0}
  m_GameObject: {fileID: 5613052536865600802}
  m_LocalRotation: {x: 0.00040118516, y: -0.0012735793, z: 0.6191507, w: 0.78527105}
  m_LocalPosition: {x: -0.04096888, y: -0.02122489, z: -0.000108629996}
  m_LocalScale: {x: 1, y: 1, z: 1}
  m_Children: []
  m_Father: {fileID: 8500696484527526874}
  m_RootOrder: 0
  m_LocalEulerAnglesHint: {x: 0, y: 0, z: 0}
--- !u!1 &5637614292591273576
GameObject:
  m_ObjectHideFlags: 0
  m_CorrespondingSourceObject: {fileID: 0}
  m_PrefabInstance: {fileID: 0}
  m_PrefabAsset: {fileID: 0}
  serializedVersion: 6
  m_Component:
  - component: {fileID: 5508504478509804226}
  m_Layer: 0
  m_Name: RHand
  m_TagString: Untagged
  m_Icon: {fileID: 0}
  m_NavMeshLayer: 0
  m_StaticEditorFlags: 0
  m_IsActive: 1
--- !u!4 &5508504478509804226
Transform:
  m_ObjectHideFlags: 0
  m_CorrespondingSourceObject: {fileID: 0}
  m_PrefabInstance: {fileID: 0}
  m_PrefabAsset: {fileID: 0}
  m_GameObject: {fileID: 5637614292591273576}
  m_LocalRotation: {x: 0, y: 0.6974995, z: -0, w: 0.7165853}
  m_LocalPosition: {x: -0.05635043, y: 0, z: 0}
  m_LocalScale: {x: 1, y: 1, z: 1}
  m_Children:
  - {fileID: 6484767553159777276}
  m_Father: {fileID: 7721893889390408373}
  m_RootOrder: 0
  m_LocalEulerAnglesHint: {x: 0, y: 0, z: 0}
--- !u!1 &6053158855496601224
GameObject:
  m_ObjectHideFlags: 0
  m_CorrespondingSourceObject: {fileID: 0}
  m_PrefabInstance: {fileID: 0}
  m_PrefabAsset: {fileID: 0}
  serializedVersion: 6
  m_Component:
  - component: {fileID: 4722584447869953226}
  m_Layer: 0
  m_Name: LFinger1
  m_TagString: Untagged
  m_Icon: {fileID: 0}
  m_NavMeshLayer: 0
  m_StaticEditorFlags: 0
  m_IsActive: 1
--- !u!4 &4722584447869953226
Transform:
  m_ObjectHideFlags: 0
  m_CorrespondingSourceObject: {fileID: 0}
  m_PrefabInstance: {fileID: 0}
  m_PrefabAsset: {fileID: 0}
  m_GameObject: {fileID: 6053158855496601224}
  m_LocalRotation: {x: 0, y: -0, z: -0, w: 1}
  m_LocalPosition: {x: -0.026946379, y: 0, z: -0.018354889}
  m_LocalScale: {x: 1, y: 1, z: 1}
  m_Children:
  - {fileID: 310259976987378553}
  m_Father: {fileID: 2959931469094278733}
  m_RootOrder: 0
  m_LocalEulerAnglesHint: {x: 0, y: 0, z: 0}
--- !u!1 &6212630325251444763
GameObject:
  m_ObjectHideFlags: 0
  m_CorrespondingSourceObject: {fileID: 0}
  m_PrefabInstance: {fileID: 0}
  m_PrefabAsset: {fileID: 0}
  serializedVersion: 6
  m_Component:
  - component: {fileID: 5487809626234337824}
  m_Layer: 0
  m_Name: Tail5
  m_TagString: Untagged
  m_Icon: {fileID: 0}
  m_NavMeshLayer: 0
  m_StaticEditorFlags: 0
  m_IsActive: 1
--- !u!4 &5487809626234337824
Transform:
  m_ObjectHideFlags: 0
  m_CorrespondingSourceObject: {fileID: 0}
  m_PrefabInstance: {fileID: 0}
  m_PrefabAsset: {fileID: 0}
  m_GameObject: {fileID: 6212630325251444763}
  m_LocalRotation: {x: 0, y: -0, z: -0, w: 1}
  m_LocalPosition: {x: -0.064526334, y: 0, z: 0}
  m_LocalScale: {x: 1, y: 1, z: 1}
  m_Children: []
  m_Father: {fileID: 6557227391007606276}
  m_RootOrder: 0
  m_LocalEulerAnglesHint: {x: 0, y: 0, z: 0}
--- !u!1 &6280267504323667529
GameObject:
  m_ObjectHideFlags: 0
  m_CorrespondingSourceObject: {fileID: 0}
  m_PrefabInstance: {fileID: 0}
  m_PrefabAsset: {fileID: 0}
  serializedVersion: 6
  m_Component:
  - component: {fileID: 1677533561309169179}
  m_Layer: 0
  m_Name: Tail2
  m_TagString: Untagged
  m_Icon: {fileID: 0}
  m_NavMeshLayer: 0
  m_StaticEditorFlags: 0
  m_IsActive: 1
--- !u!4 &1677533561309169179
Transform:
  m_ObjectHideFlags: 0
  m_CorrespondingSourceObject: {fileID: 0}
  m_PrefabInstance: {fileID: 0}
  m_PrefabAsset: {fileID: 0}
  m_GameObject: {fileID: 6280267504323667529}
  m_LocalRotation: {x: 0, y: -0, z: -0, w: 1}
  m_LocalPosition: {x: -0.057457816, y: 0, z: 0}
  m_LocalScale: {x: 1, y: 1, z: 1}
  m_Children:
  - {fileID: 7872619114589350706}
  m_Father: {fileID: 8464352037259584107}
  m_RootOrder: 0
  m_LocalEulerAnglesHint: {x: 0, y: 0, z: 0}
--- !u!1 &6558926680296008069
GameObject:
  m_ObjectHideFlags: 0
  m_CorrespondingSourceObject: {fileID: 0}
  m_PrefabInstance: {fileID: 0}
  m_PrefabAsset: {fileID: 0}
  serializedVersion: 6
  m_Component:
  - component: {fileID: 1990679746770809109}
  m_Layer: 0
  m_Name: Nose
  m_TagString: Untagged
  m_Icon: {fileID: 0}
  m_NavMeshLayer: 0
  m_StaticEditorFlags: 0
  m_IsActive: 1
--- !u!4 &1990679746770809109
Transform:
  m_ObjectHideFlags: 0
  m_CorrespondingSourceObject: {fileID: 0}
  m_PrefabInstance: {fileID: 0}
  m_PrefabAsset: {fileID: 0}
  m_GameObject: {fileID: 6558926680296008069}
  m_LocalRotation: {x: 0, y: 0.5704483, z: -0, w: 0.8213335}
  m_LocalPosition: {x: -0.1040435, y: 0, z: 0.1382203}
  m_LocalScale: {x: 1, y: 1, z: 1}
  m_Children: []
  m_Father: {fileID: 8249090207333868360}
  m_RootOrder: 3
  m_LocalEulerAnglesHint: {x: 0, y: 0, z: 0}
--- !u!1 &7157310447555798124
GameObject:
  m_ObjectHideFlags: 0
  m_CorrespondingSourceObject: {fileID: 0}
  m_PrefabInstance: {fileID: 0}
  m_PrefabAsset: {fileID: 0}
  serializedVersion: 6
  m_Component:
  - component: {fileID: 1000536355756262316}
  m_Layer: 0
  m_Name: Hips
  m_TagString: Untagged
  m_Icon: {fileID: 0}
  m_NavMeshLayer: 0
  m_StaticEditorFlags: 0
  m_IsActive: 1
--- !u!4 &1000536355756262316
Transform:
  m_ObjectHideFlags: 0
  m_CorrespondingSourceObject: {fileID: 0}
  m_PrefabInstance: {fileID: 0}
  m_PrefabAsset: {fileID: 0}
  m_GameObject: {fileID: 7157310447555798124}
  m_LocalRotation: {x: 0, y: 0, z: 1, w: 6.123234e-17}
  m_LocalPosition: {x: -0, y: 0, z: 0}
  m_LocalScale: {x: 1, y: 1, z: 1}
  m_Children:
  - {fileID: 1104837528972731268}
  - {fileID: 2243384192929593066}
  - {fileID: 1848840420083826978}
  - {fileID: 8464352037259584107}
  m_Father: {fileID: 8297156484255457698}
  m_RootOrder: 0
  m_LocalEulerAnglesHint: {x: 0, y: 0, z: 0}
--- !u!1 &7195701045524232869
GameObject:
  m_ObjectHideFlags: 0
  m_CorrespondingSourceObject: {fileID: 0}
  m_PrefabInstance: {fileID: 0}
  m_PrefabAsset: {fileID: 0}
  serializedVersion: 6
  m_Component:
  - component: {fileID: 5479299443329955983}
  m_Layer: 0
  m_Name: LEar2
  m_TagString: Untagged
  m_Icon: {fileID: 0}
  m_NavMeshLayer: 0
  m_StaticEditorFlags: 0
  m_IsActive: 1
--- !u!4 &5479299443329955983
Transform:
  m_ObjectHideFlags: 0
  m_CorrespondingSourceObject: {fileID: 0}
  m_PrefabInstance: {fileID: 0}
  m_PrefabAsset: {fileID: 0}
  m_GameObject: {fileID: 7195701045524232869}
  m_LocalRotation: {x: -0.00040118516, y: -0.0012735793, z: -0.6191507, w: 0.78527105}
  m_LocalPosition: {x: -0.04096854, y: 0.02122451, z: -0.000108449996}
  m_LocalScale: {x: 1, y: 1, z: 1}
  m_Children: []
  m_Father: {fileID: 5678830377260724748}
  m_RootOrder: 0
  m_LocalEulerAnglesHint: {x: 0, y: 0, z: 0}
--- !u!1 &7238910388767370016
GameObject:
  m_ObjectHideFlags: 0
  m_CorrespondingSourceObject: {fileID: 0}
  m_PrefabInstance: {fileID: 0}
  m_PrefabAsset: {fileID: 0}
  serializedVersion: 6
  m_Component:
  - component: {fileID: 2281943258862200825}
  m_Layer: 0
  m_Name: Spine2
  m_TagString: Untagged
  m_Icon: {fileID: 0}
  m_NavMeshLayer: 0
  m_StaticEditorFlags: 0
  m_IsActive: 1
--- !u!4 &2281943258862200825
Transform:
  m_ObjectHideFlags: 0
  m_CorrespondingSourceObject: {fileID: 0}
  m_PrefabInstance: {fileID: 0}
  m_PrefabAsset: {fileID: 0}
  m_GameObject: {fileID: 7238910388767370016}
  m_LocalRotation: {x: 0, y: 0.06949544, z: -0, w: 0.99758226}
  m_LocalPosition: {x: -0.04359063, y: 0, z: 0}
  m_LocalScale: {x: 1, y: 1, z: 1}
  m_Children:
  - {fileID: 8146667655784963366}
  - {fileID: 1360662391394866002}
  - {fileID: 2818328718032015120}
  m_Father: {fileID: 8708153522454093308}
  m_RootOrder: 0
  m_LocalEulerAnglesHint: {x: 0, y: 0, z: 0}
--- !u!1 &7318148482429927866
GameObject:
  m_ObjectHideFlags: 0
  m_CorrespondingSourceObject: {fileID: 0}
  m_PrefabInstance: {fileID: 0}
  m_PrefabAsset: {fileID: 0}
  serializedVersion: 6
  m_Component:
  - component: {fileID: 6484767553159777276}
  m_Layer: 0
  m_Name: RFinger1
  m_TagString: Untagged
  m_Icon: {fileID: 0}
  m_NavMeshLayer: 0
  m_StaticEditorFlags: 0
  m_IsActive: 1
--- !u!4 &6484767553159777276
Transform:
  m_ObjectHideFlags: 0
  m_CorrespondingSourceObject: {fileID: 0}
  m_PrefabInstance: {fileID: 0}
  m_PrefabAsset: {fileID: 0}
  m_GameObject: {fileID: 7318148482429927866}
  m_LocalRotation: {x: 0, y: -0, z: -0, w: 1}
  m_LocalPosition: {x: -0.026946379, y: 0, z: -0.018354889}
  m_LocalScale: {x: 1, y: 1, z: 1}
  m_Children:
  - {fileID: 654894359955329670}
  m_Father: {fileID: 5508504478509804226}
  m_RootOrder: 0
  m_LocalEulerAnglesHint: {x: 0, y: 0, z: 0}
--- !u!1 &7553046624111794879
GameObject:
  m_ObjectHideFlags: 0
  m_CorrespondingSourceObject: {fileID: 0}
  m_PrefabInstance: {fileID: 0}
  m_PrefabAsset: {fileID: 0}
  serializedVersion: 6
  m_Component:
  - component: {fileID: 310259976987378553}
  m_Layer: 0
  m_Name: LFinger2
  m_TagString: Untagged
  m_Icon: {fileID: 0}
  m_NavMeshLayer: 0
  m_StaticEditorFlags: 0
  m_IsActive: 1
--- !u!4 &310259976987378553
Transform:
  m_ObjectHideFlags: 0
  m_CorrespondingSourceObject: {fileID: 0}
  m_PrefabInstance: {fileID: 0}
  m_PrefabAsset: {fileID: 0}
  m_GameObject: {fileID: 7553046624111794879}
  m_LocalRotation: {x: 0, y: -0, z: -0, w: 1}
  m_LocalPosition: {x: -0.014068, y: 0, z: 0}
  m_LocalScale: {x: 1, y: 1, z: 1}
  m_Children: []
  m_Father: {fileID: 4722584447869953226}
  m_RootOrder: 0
  m_LocalEulerAnglesHint: {x: 0, y: 0, z: 0}
--- !u!1 &7586896838487870561
GameObject:
  m_ObjectHideFlags: 0
  m_CorrespondingSourceObject: {fileID: 0}
  m_PrefabInstance: {fileID: 0}
  m_PrefabAsset: {fileID: 0}
  serializedVersion: 6
  m_Component:
  - component: {fileID: 3754993453732451617}
  - component: {fileID: 451443451709600832}
  m_Layer: 0
  m_Name: Body00_01_OptMesh_6_0_node
  m_TagString: Untagged
  m_Icon: {fileID: 0}
  m_NavMeshLayer: 0
  m_StaticEditorFlags: 0
  m_IsActive: 1
--- !u!4 &3754993453732451617
Transform:
  m_ObjectHideFlags: 0
  m_CorrespondingSourceObject: {fileID: 0}
  m_PrefabInstance: {fileID: 0}
  m_PrefabAsset: {fileID: 0}
  m_GameObject: {fileID: 7586896838487870561}
  m_LocalRotation: {x: 0, y: -0, z: -0, w: 1}
  m_LocalPosition: {x: -0, y: 0, z: 0}
  m_LocalScale: {x: 1, y: 1, z: 1}
  m_Children: []
  m_Father: {fileID: 355942678479547182}
  m_RootOrder: 2
  m_LocalEulerAnglesHint: {x: 0, y: 0, z: 0}
--- !u!137 &451443451709600832
SkinnedMeshRenderer:
  m_ObjectHideFlags: 0
  m_CorrespondingSourceObject: {fileID: 0}
  m_PrefabInstance: {fileID: 0}
  m_PrefabAsset: {fileID: 0}
  m_GameObject: {fileID: 7586896838487870561}
  m_Enabled: 1
  m_CastShadows: 1
  m_ReceiveShadows: 1
  m_DynamicOccludee: 1
  m_MotionVectors: 1
  m_LightProbeUsage: 1
  m_ReflectionProbeUsage: 1
  m_RayTracingMode: 0
  m_RenderingLayerMask: 1
  m_RendererPriority: 0
  m_Materials:
  - {fileID: 2100000, guid: f672e95d04d1abc47ad644a5263addcb, type: 2}
  m_StaticBatchInfo:
    firstSubMesh: 0
    subMeshCount: 0
  m_StaticBatchRoot: {fileID: 0}
  m_ProbeAnchor: {fileID: 0}
  m_LightProbeVolumeOverride: {fileID: 0}
  m_ScaleInLightmap: 1
  m_ReceiveGI: 1
  m_PreserveUVs: 0
  m_IgnoreNormalsForChartDetection: 0
  m_ImportantGI: 0
  m_StitchLightmapSeams: 1
  m_SelectedEditorRenderState: 3
  m_MinimumChartSize: 4
  m_AutoUVMaxDistance: 0.5
  m_AutoUVMaxAngle: 89
  m_LightmapParameters: {fileID: 0}
  m_SortingLayerID: 0
  m_SortingLayer: 0
  m_SortingOrder: 0
  serializedVersion: 2
  m_Quality: 0
  m_UpdateWhenOffscreen: 1
  m_SkinnedMotionVectors: 1
  m_Mesh: {fileID: -704291068723345738, guid: 56038c55a1607f34faf69c1c368d1c3d, type: 3}
  m_Bones:
  - {fileID: 4921651312897867100}
  - {fileID: 325377103297364817}
  - {fileID: 8297156484255457698}
  - {fileID: 8708153522454093308}
  - {fileID: 2281943258862200825}
  - {fileID: 1360662391394866002}
  - {fileID: 8249090207333868360}
  - {fileID: 1990679746770809109}
  - {fileID: 5678830377260724748}
  - {fileID: 5479299443329955983}
  - {fileID: 8500696484527526874}
  - {fileID: 3810287343429741411}
  - {fileID: 7359701413182965086}
  - {fileID: 1944359081958877884}
  - {fileID: 5241812176818522367}
  - {fileID: 3383293783831554443}
  - {fileID: 8146667655784963366}
  - {fileID: 1887672540636098913}
  - {fileID: 8768237499108752225}
  - {fileID: 2959931469094278733}
  - {fileID: 4722584447869953226}
  - {fileID: 310259976987378553}
  - {fileID: 2818328718032015120}
  - {fileID: 2852588398679198181}
  - {fileID: 7721893889390408373}
  - {fileID: 5508504478509804226}
  - {fileID: 6484767553159777276}
  - {fileID: 654894359955329670}
  - {fileID: 1000536355756262316}
  - {fileID: 2243384192929593066}
  - {fileID: 6073830548637701361}
  - {fileID: 6287275776920249028}
  - {fileID: 241876613119453714}
  - {fileID: 2584724160866603965}
  - {fileID: 1848840420083826978}
  - {fileID: 314196420640070722}
  - {fileID: 1321202527249077750}
  - {fileID: 5133971007454450266}
  - {fileID: 2979322622397546896}
  - {fileID: 1104837528972731268}
  - {fileID: 8464352037259584107}
  - {fileID: 1677533561309169179}
  - {fileID: 7872619114589350706}
  - {fileID: 6557227391007606276}
  - {fileID: 5487809626234337824}
  - {fileID: 1912607750489480232}
  - {fileID: 8774425972243411490}
  - {fileID: 1318542740164235627}
  m_BlendShapeWeights: []
  m_RootBone: {fileID: 4921651312897867100}
  m_AABB:
    m_Center: {x: 0.038624052, y: 0.14883137, z: 0.012187652}
    m_Extent: {x: 0.038624104, y: 0.045767166, z: 0.16341728}
  m_DirtyAABB: 0
--- !u!1 &7683009465209921784
GameObject:
  m_ObjectHideFlags: 0
  m_CorrespondingSourceObject: {fileID: 0}
  m_PrefabInstance: {fileID: 0}
  m_PrefabAsset: {fileID: 0}
  serializedVersion: 6
  m_Component:
  - component: {fileID: 8934238051792617755}
  - component: {fileID: 3542891694551911684}
  m_Layer: 0
  m_Name: Eye_OptMesh_3_0_node
  m_TagString: Untagged
  m_Icon: {fileID: 0}
  m_NavMeshLayer: 0
  m_StaticEditorFlags: 0
  m_IsActive: 1
--- !u!4 &8934238051792617755
Transform:
  m_ObjectHideFlags: 0
  m_CorrespondingSourceObject: {fileID: 0}
  m_PrefabInstance: {fileID: 0}
  m_PrefabAsset: {fileID: 0}
  m_GameObject: {fileID: 7683009465209921784}
  m_LocalRotation: {x: 0, y: -0, z: -0, w: 1}
  m_LocalPosition: {x: -0, y: 0, z: 0}
  m_LocalScale: {x: 1, y: 1, z: 1}
  m_Children: []
  m_Father: {fileID: 355942678479547182}
  m_RootOrder: 5
  m_LocalEulerAnglesHint: {x: 0, y: 0, z: 0}
--- !u!137 &3542891694551911684
SkinnedMeshRenderer:
  m_ObjectHideFlags: 0
  m_CorrespondingSourceObject: {fileID: 0}
  m_PrefabInstance: {fileID: 0}
  m_PrefabAsset: {fileID: 0}
  m_GameObject: {fileID: 7683009465209921784}
  m_Enabled: 1
  m_CastShadows: 1
  m_ReceiveShadows: 1
  m_DynamicOccludee: 1
  m_MotionVectors: 1
  m_LightProbeUsage: 1
  m_ReflectionProbeUsage: 1
  m_RayTracingMode: 0
  m_RenderingLayerMask: 1
  m_RendererPriority: 0
  m_Materials:
  - {fileID: 2100000, guid: bd6e72a6389303a409259b23348d91c9, type: 2}
  m_StaticBatchInfo:
    firstSubMesh: 0
    subMeshCount: 0
  m_StaticBatchRoot: {fileID: 0}
  m_ProbeAnchor: {fileID: 0}
  m_LightProbeVolumeOverride: {fileID: 0}
  m_ScaleInLightmap: 1
  m_ReceiveGI: 1
  m_PreserveUVs: 0
  m_IgnoreNormalsForChartDetection: 0
  m_ImportantGI: 0
  m_StitchLightmapSeams: 1
  m_SelectedEditorRenderState: 3
  m_MinimumChartSize: 4
  m_AutoUVMaxDistance: 0.5
  m_AutoUVMaxAngle: 89
  m_LightmapParameters: {fileID: 0}
  m_SortingLayerID: 0
  m_SortingLayer: 0
  m_SortingOrder: 0
  serializedVersion: 2
  m_Quality: 0
  m_UpdateWhenOffscreen: 1
  m_SkinnedMotionVectors: 1
  m_Mesh: {fileID: 291212810336380437, guid: 56038c55a1607f34faf69c1c368d1c3d, type: 3}
  m_Bones:
  - {fileID: 4921651312897867100}
  - {fileID: 325377103297364817}
  - {fileID: 8297156484255457698}
  - {fileID: 8708153522454093308}
  - {fileID: 2281943258862200825}
  - {fileID: 1360662391394866002}
  - {fileID: 8249090207333868360}
  - {fileID: 1990679746770809109}
  - {fileID: 5678830377260724748}
  - {fileID: 5479299443329955983}
  - {fileID: 8500696484527526874}
  - {fileID: 3810287343429741411}
  - {fileID: 7359701413182965086}
  - {fileID: 1944359081958877884}
  - {fileID: 5241812176818522367}
  - {fileID: 3383293783831554443}
  - {fileID: 8146667655784963366}
  - {fileID: 1887672540636098913}
  - {fileID: 8768237499108752225}
  - {fileID: 2959931469094278733}
  - {fileID: 4722584447869953226}
  - {fileID: 310259976987378553}
  - {fileID: 2818328718032015120}
  - {fileID: 2852588398679198181}
  - {fileID: 7721893889390408373}
  - {fileID: 5508504478509804226}
  - {fileID: 6484767553159777276}
  - {fileID: 654894359955329670}
  - {fileID: 1000536355756262316}
  - {fileID: 2243384192929593066}
  - {fileID: 6073830548637701361}
  - {fileID: 6287275776920249028}
  - {fileID: 241876613119453714}
  - {fileID: 2584724160866603965}
  - {fileID: 1848840420083826978}
  - {fileID: 314196420640070722}
  - {fileID: 1321202527249077750}
  - {fileID: 5133971007454450266}
  - {fileID: 2979322622397546896}
  - {fileID: 1104837528972731268}
  - {fileID: 8464352037259584107}
  - {fileID: 1677533561309169179}
  - {fileID: 7872619114589350706}
  - {fileID: 6557227391007606276}
  - {fileID: 5487809626234337824}
  - {fileID: 1912607750489480232}
  - {fileID: 8774425972243411490}
  - {fileID: 1318542740164235627}
  m_BlendShapeWeights: []
  m_RootBone: {fileID: 4921651312897867100}
  m_AABB:
    m_Center: {x: -0.000000022351742, y: 0.29122746, z: 0.25100654}
    m_Extent: {x: 0.11551363, y: 0.06453958, z: 0.047266096}
  m_DirtyAABB: 0
--- !u!1 &7918548544575241757
GameObject:
  m_ObjectHideFlags: 0
  m_CorrespondingSourceObject: {fileID: 0}
  m_PrefabInstance: {fileID: 0}
  m_PrefabAsset: {fileID: 0}
  serializedVersion: 6
  m_Component:
  - component: {fileID: 8708153522454093308}
  m_Layer: 0
  m_Name: Spine1
  m_TagString: Untagged
  m_Icon: {fileID: 0}
  m_NavMeshLayer: 0
  m_StaticEditorFlags: 0
  m_IsActive: 1
--- !u!4 &8708153522454093308
Transform:
  m_ObjectHideFlags: 0
  m_CorrespondingSourceObject: {fileID: 0}
  m_PrefabInstance: {fileID: 0}
  m_PrefabAsset: {fileID: 0}
  m_GameObject: {fileID: 7918548544575241757}
  m_LocalRotation: {x: 0, y: -0, z: -0, w: 1}
  m_LocalPosition: {x: -0, y: 0, z: 0}
  m_LocalScale: {x: 1, y: 1, z: 1}
  m_Children:
  - {fileID: 2281943258862200825}
  m_Father: {fileID: 8297156484255457698}
  m_RootOrder: 1
  m_LocalEulerAnglesHint: {x: 0, y: 0, z: 0}
--- !u!1 &7987120260165871298
GameObject:
  m_ObjectHideFlags: 0
  m_CorrespondingSourceObject: {fileID: 0}
  m_PrefabInstance: {fileID: 0}
  m_PrefabAsset: {fileID: 0}
  serializedVersion: 6
  m_Component:
  - component: {fileID: 1887672540636098913}
  m_Layer: 0
  m_Name: LArm
  m_TagString: Untagged
  m_Icon: {fileID: 0}
  m_NavMeshLayer: 0
  m_StaticEditorFlags: 0
  m_IsActive: 1
--- !u!4 &1887672540636098913
Transform:
  m_ObjectHideFlags: 0
  m_CorrespondingSourceObject: {fileID: 0}
  m_PrefabInstance: {fileID: 0}
  m_PrefabAsset: {fileID: 0}
  m_GameObject: {fileID: 7987120260165871298}
  m_LocalRotation: {x: 0, y: -0.10060404, z: -0, w: 0.9949266}
  m_LocalPosition: {x: -0.035219, y: 0, z: 0}
  m_LocalScale: {x: 1, y: 1, z: 1}
  m_Children:
  - {fileID: 8768237499108752225}
  m_Father: {fileID: 8146667655784963366}
  m_RootOrder: 0
  m_LocalEulerAnglesHint: {x: 0, y: 0, z: 0}
--- !u!1 &8032240037427387611
GameObject:
  m_ObjectHideFlags: 0
  m_CorrespondingSourceObject: {fileID: 0}
  m_PrefabInstance: {fileID: 0}
  m_PrefabAsset: {fileID: 0}
  serializedVersion: 6
  m_Component:
  - component: {fileID: 5538439873619273099}
  - component: {fileID: 3658901884866864167}
  m_Layer: 0
  m_Name: Body00_01_OptMesh_4_0_node
  m_TagString: Untagged
  m_Icon: {fileID: 0}
  m_NavMeshLayer: 0
  m_StaticEditorFlags: 0
  m_IsActive: 1
--- !u!4 &5538439873619273099
Transform:
  m_ObjectHideFlags: 0
  m_CorrespondingSourceObject: {fileID: 0}
  m_PrefabInstance: {fileID: 0}
  m_PrefabAsset: {fileID: 0}
  m_GameObject: {fileID: 8032240037427387611}
  m_LocalRotation: {x: 0, y: -0, z: -0, w: 1}
  m_LocalPosition: {x: -0, y: 0, z: 0}
  m_LocalScale: {x: 1, y: 1, z: 1}
  m_Children: []
  m_Father: {fileID: 355942678479547182}
  m_RootOrder: 0
  m_LocalEulerAnglesHint: {x: 0, y: 0, z: 0}
--- !u!137 &3658901884866864167
SkinnedMeshRenderer:
  m_ObjectHideFlags: 0
  m_CorrespondingSourceObject: {fileID: 0}
  m_PrefabInstance: {fileID: 0}
  m_PrefabAsset: {fileID: 0}
  m_GameObject: {fileID: 8032240037427387611}
  m_Enabled: 1
  m_CastShadows: 1
  m_ReceiveShadows: 1
  m_DynamicOccludee: 1
  m_MotionVectors: 1
  m_LightProbeUsage: 1
  m_ReflectionProbeUsage: 1
  m_RayTracingMode: 0
  m_RenderingLayerMask: 1
  m_RendererPriority: 0
  m_Materials:
  - {fileID: 2100000, guid: f672e95d04d1abc47ad644a5263addcb, type: 2}
  m_StaticBatchInfo:
    firstSubMesh: 0
    subMeshCount: 0
  m_StaticBatchRoot: {fileID: 0}
  m_ProbeAnchor: {fileID: 0}
  m_LightProbeVolumeOverride: {fileID: 0}
  m_ScaleInLightmap: 1
  m_ReceiveGI: 1
  m_PreserveUVs: 0
  m_IgnoreNormalsForChartDetection: 0
  m_ImportantGI: 0
  m_StitchLightmapSeams: 1
  m_SelectedEditorRenderState: 3
  m_MinimumChartSize: 4
  m_AutoUVMaxDistance: 0.5
  m_AutoUVMaxAngle: 89
  m_LightmapParameters: {fileID: 0}
  m_SortingLayerID: 0
  m_SortingLayer: 0
  m_SortingOrder: 0
  serializedVersion: 2
  m_Quality: 0
  m_UpdateWhenOffscreen: 1
  m_SkinnedMotionVectors: 1
  m_Mesh: {fileID: 2595696458674258187, guid: 56038c55a1607f34faf69c1c368d1c3d, type: 3}
  m_Bones:
  - {fileID: 4921651312897867100}
  - {fileID: 325377103297364817}
  - {fileID: 8297156484255457698}
  - {fileID: 8708153522454093308}
  - {fileID: 2281943258862200825}
  - {fileID: 1360662391394866002}
  - {fileID: 8249090207333868360}
  - {fileID: 1990679746770809109}
  - {fileID: 5678830377260724748}
  - {fileID: 5479299443329955983}
  - {fileID: 8500696484527526874}
  - {fileID: 3810287343429741411}
  - {fileID: 7359701413182965086}
  - {fileID: 1944359081958877884}
  - {fileID: 5241812176818522367}
  - {fileID: 3383293783831554443}
  - {fileID: 8146667655784963366}
  - {fileID: 1887672540636098913}
  - {fileID: 8768237499108752225}
  - {fileID: 2959931469094278733}
  - {fileID: 4722584447869953226}
  - {fileID: 310259976987378553}
  - {fileID: 2818328718032015120}
  - {fileID: 2852588398679198181}
  - {fileID: 7721893889390408373}
  - {fileID: 5508504478509804226}
  - {fileID: 6484767553159777276}
  - {fileID: 654894359955329670}
  - {fileID: 1000536355756262316}
  - {fileID: 2243384192929593066}
  - {fileID: 6073830548637701361}
  - {fileID: 6287275776920249028}
  - {fileID: 241876613119453714}
  - {fileID: 2584724160866603965}
  - {fileID: 1848840420083826978}
  - {fileID: 314196420640070722}
  - {fileID: 1321202527249077750}
  - {fileID: 5133971007454450266}
  - {fileID: 2979322622397546896}
  - {fileID: 1104837528972731268}
  - {fileID: 8464352037259584107}
  - {fileID: 1677533561309169179}
  - {fileID: 7872619114589350706}
  - {fileID: 6557227391007606276}
  - {fileID: 5487809626234337824}
  - {fileID: 1912607750489480232}
  - {fileID: 8774425972243411490}
  - {fileID: 1318542740164235627}
  m_BlendShapeWeights: []
  m_RootBone: {fileID: 4921651312897867100}
  m_AABB:
    m_Center: {x: -0.0074481443, y: 0.11390349, z: -0.06483531}
    m_Extent: {x: 0.08393382, y: 0.12388134, z: 0.24889982}
  m_DirtyAABB: 0
--- !u!1 &8291612039388371541
GameObject:
  m_ObjectHideFlags: 0
  m_CorrespondingSourceObject: {fileID: 0}
  m_PrefabInstance: {fileID: 0}
  m_PrefabAsset: {fileID: 0}
  serializedVersion: 6
  m_Component:
  - component: {fileID: 9086185300381481026}
  - component: {fileID: 2790967403305664160}
  m_Layer: 0
  m_Name: RIris_OptMesh_1_0_node
  m_TagString: Untagged
  m_Icon: {fileID: 0}
  m_NavMeshLayer: 0
  m_StaticEditorFlags: 0
  m_IsActive: 1
--- !u!4 &9086185300381481026
Transform:
  m_ObjectHideFlags: 0
  m_CorrespondingSourceObject: {fileID: 0}
  m_PrefabInstance: {fileID: 0}
  m_PrefabAsset: {fileID: 0}
  m_GameObject: {fileID: 8291612039388371541}
  m_LocalRotation: {x: 0, y: -0, z: -0, w: 1}
  m_LocalPosition: {x: -0, y: 0, z: 0}
  m_LocalScale: {x: 1, y: 1, z: 1}
  m_Children: []
  m_Father: {fileID: 355942678479547182}
  m_RootOrder: 9
  m_LocalEulerAnglesHint: {x: 0, y: 0, z: 0}
--- !u!137 &2790967403305664160
SkinnedMeshRenderer:
  m_ObjectHideFlags: 0
  m_CorrespondingSourceObject: {fileID: 0}
  m_PrefabInstance: {fileID: 0}
  m_PrefabAsset: {fileID: 0}
  m_GameObject: {fileID: 8291612039388371541}
  m_Enabled: 1
  m_CastShadows: 1
  m_ReceiveShadows: 1
  m_DynamicOccludee: 1
  m_MotionVectors: 1
  m_LightProbeUsage: 1
  m_ReflectionProbeUsage: 1
  m_RayTracingMode: 0
  m_RenderingLayerMask: 1
  m_RendererPriority: 0
  m_Materials:
  - {fileID: 2100000, guid: a6a0190ac806a524fbeb146ecbc8a70a, type: 2}
  m_StaticBatchInfo:
    firstSubMesh: 0
    subMeshCount: 0
  m_StaticBatchRoot: {fileID: 0}
  m_ProbeAnchor: {fileID: 0}
  m_LightProbeVolumeOverride: {fileID: 0}
  m_ScaleInLightmap: 1
  m_ReceiveGI: 1
  m_PreserveUVs: 0
  m_IgnoreNormalsForChartDetection: 0
  m_ImportantGI: 0
  m_StitchLightmapSeams: 1
  m_SelectedEditorRenderState: 3
  m_MinimumChartSize: 4
  m_AutoUVMaxDistance: 0.5
  m_AutoUVMaxAngle: 89
  m_LightmapParameters: {fileID: 0}
  m_SortingLayerID: 0
  m_SortingLayer: 0
  m_SortingOrder: 0
  serializedVersion: 2
  m_Quality: 0
  m_UpdateWhenOffscreen: 1
  m_SkinnedMotionVectors: 1
  m_Mesh: {fileID: -7645559393486681200, guid: 56038c55a1607f34faf69c1c368d1c3d, type: 3}
  m_Bones:
  - {fileID: 4921651312897867100}
  - {fileID: 325377103297364817}
  - {fileID: 8297156484255457698}
  - {fileID: 8708153522454093308}
  - {fileID: 2281943258862200825}
  - {fileID: 1360662391394866002}
  - {fileID: 8249090207333868360}
  - {fileID: 1990679746770809109}
  - {fileID: 5678830377260724748}
  - {fileID: 5479299443329955983}
  - {fileID: 8500696484527526874}
  - {fileID: 3810287343429741411}
  - {fileID: 7359701413182965086}
  - {fileID: 1944359081958877884}
  - {fileID: 5241812176818522367}
  - {fileID: 3383293783831554443}
  - {fileID: 8146667655784963366}
  - {fileID: 1887672540636098913}
  - {fileID: 8768237499108752225}
  - {fileID: 2959931469094278733}
  - {fileID: 4722584447869953226}
  - {fileID: 310259976987378553}
  - {fileID: 2818328718032015120}
  - {fileID: 2852588398679198181}
  - {fileID: 7721893889390408373}
  - {fileID: 5508504478509804226}
  - {fileID: 6484767553159777276}
  - {fileID: 654894359955329670}
  - {fileID: 1000536355756262316}
  - {fileID: 2243384192929593066}
  - {fileID: 6073830548637701361}
  - {fileID: 6287275776920249028}
  - {fileID: 241876613119453714}
  - {fileID: 2584724160866603965}
  - {fileID: 1848840420083826978}
  - {fileID: 314196420640070722}
  - {fileID: 1321202527249077750}
  - {fileID: 5133971007454450266}
  - {fileID: 2979322622397546896}
  - {fileID: 1104837528972731268}
  - {fileID: 8464352037259584107}
  - {fileID: 1677533561309169179}
  - {fileID: 7872619114589350706}
  - {fileID: 6557227391007606276}
  - {fileID: 5487809626234337824}
  - {fileID: 1912607750489480232}
  - {fileID: 8774425972243411490}
  - {fileID: 1318542740164235627}
  m_BlendShapeWeights: []
  m_RootBone: {fileID: 4921651312897867100}
  m_AABB:
    m_Center: {x: 0.07146874, y: 0.29111996, z: 0.25195518}
    m_Extent: {x: 0.044989765, y: 0.06502396, z: 0.04752884}
  m_DirtyAABB: 0
--- !u!1 &8297796936616735055
GameObject:
  m_ObjectHideFlags: 0
  m_CorrespondingSourceObject: {fileID: 0}
  m_PrefabInstance: {fileID: 0}
  m_PrefabAsset: {fileID: 0}
  serializedVersion: 6
  m_Component:
  - component: {fileID: 325377103297364817}
  m_Layer: 0
  m_Name: Origin
  m_TagString: Untagged
  m_Icon: {fileID: 0}
  m_NavMeshLayer: 0
  m_StaticEditorFlags: 0
  m_IsActive: 1
--- !u!4 &325377103297364817
Transform:
  m_ObjectHideFlags: 0
  m_CorrespondingSourceObject: {fileID: 0}
  m_PrefabInstance: {fileID: 0}
  m_PrefabAsset: {fileID: 0}
  m_GameObject: {fileID: 8297796936616735055}
  m_LocalRotation: {x: 0, y: -0, z: -0, w: 1}
  m_LocalPosition: {x: -0, y: 0, z: 0}
  m_LocalScale: {x: 1, y: 1, z: 1}
  m_Children:
  - {fileID: 8297156484255457698}
  m_Father: {fileID: 4921651312897867100}
  m_RootOrder: 0
  m_LocalEulerAnglesHint: {x: 0, y: 0, z: 0}
--- !u!1 &8327779134409760758
GameObject:
  m_ObjectHideFlags: 0
  m_CorrespondingSourceObject: {fileID: 0}
  m_PrefabInstance: {fileID: 0}
  m_PrefabAsset: {fileID: 0}
  serializedVersion: 6
  m_Component:
  - component: {fileID: 2979322622397546896}
  m_Layer: 0
  m_Name: RToe2
  m_TagString: Untagged
  m_Icon: {fileID: 0}
  m_NavMeshLayer: 0
  m_StaticEditorFlags: 0
  m_IsActive: 1
--- !u!4 &2979322622397546896
Transform:
  m_ObjectHideFlags: 0
  m_CorrespondingSourceObject: {fileID: 0}
  m_PrefabInstance: {fileID: 0}
  m_PrefabAsset: {fileID: 0}
  m_GameObject: {fileID: 8327779134409760758}
  m_LocalRotation: {x: 0, y: -0, z: -0, w: 1}
  m_LocalPosition: {x: -0.0132997, y: 0, z: 0}
  m_LocalScale: {x: 1, y: 1, z: 1}
  m_Children: []
  m_Father: {fileID: 5133971007454450266}
  m_RootOrder: 0
  m_LocalEulerAnglesHint: {x: 0, y: 0, z: 0}
--- !u!1 &8367299362494656504
GameObject:
  m_ObjectHideFlags: 0
  m_CorrespondingSourceObject: {fileID: 0}
  m_PrefabInstance: {fileID: 0}
  m_PrefabAsset: {fileID: 0}
  serializedVersion: 6
  m_Component:
  - component: {fileID: 8146667655784963366}
  m_Layer: 0
  m_Name: LShoulder
  m_TagString: Untagged
  m_Icon: {fileID: 0}
  m_NavMeshLayer: 0
  m_StaticEditorFlags: 0
  m_IsActive: 1
--- !u!4 &8146667655784963366
Transform:
  m_ObjectHideFlags: 0
  m_CorrespondingSourceObject: {fileID: 0}
  m_PrefabInstance: {fileID: 0}
  m_PrefabAsset: {fileID: 0}
  m_GameObject: {fileID: 8367299362494656504}
  m_LocalRotation: {x: 0.754538, y: 4.0184113e-17, z: -0.6562564, w: 4.6202127e-17}
  m_LocalPosition: {x: -0.06354597, y: -0.0519236, z: -0.020595938}
  m_LocalScale: {x: 1, y: 1, z: 1}
  m_Children:
  - {fileID: 1887672540636098913}
  m_Father: {fileID: 2281943258862200825}
  m_RootOrder: 0
  m_LocalEulerAnglesHint: {x: 0, y: 0, z: 0}
--- !u!1 &8486301218496641202
GameObject:
  m_ObjectHideFlags: 0
  m_CorrespondingSourceObject: {fileID: 0}
  m_PrefabInstance: {fileID: 0}
  m_PrefabAsset: {fileID: 0}
  serializedVersion: 6
  m_Component:
  - component: {fileID: 8768237499108752225}
  m_Layer: 0
  m_Name: LForeArm
  m_TagString: Untagged
  m_Icon: {fileID: 0}
  m_NavMeshLayer: 0
  m_StaticEditorFlags: 0
  m_IsActive: 1
--- !u!4 &8768237499108752225
Transform:
  m_ObjectHideFlags: 0
  m_CorrespondingSourceObject: {fileID: 0}
  m_PrefabInstance: {fileID: 0}
  m_PrefabAsset: {fileID: 0}
  m_GameObject: {fileID: 8486301218496641202}
  m_LocalRotation: {x: 0, y: 0.114021935, z: -0, w: 0.99347824}
  m_LocalPosition: {x: -0.050124127, y: 0, z: 0}
  m_LocalScale: {x: 1, y: 1, z: 1}
  m_Children:
  - {fileID: 2959931469094278733}
  m_Father: {fileID: 1887672540636098913}
  m_RootOrder: 0
  m_LocalEulerAnglesHint: {x: 0, y: 0, z: 0}
--- !u!1 &8615046627882155634
GameObject:
  m_ObjectHideFlags: 0
  m_CorrespondingSourceObject: {fileID: 0}
  m_PrefabInstance: {fileID: 0}
  m_PrefabAsset: {fileID: 0}
  serializedVersion: 6
  m_Component:
  - component: {fileID: 2584724160866603965}
  m_Layer: 0
  m_Name: LToe2
  m_TagString: Untagged
  m_Icon: {fileID: 0}
  m_NavMeshLayer: 0
  m_StaticEditorFlags: 0
  m_IsActive: 1
--- !u!4 &2584724160866603965
Transform:
  m_ObjectHideFlags: 0
  m_CorrespondingSourceObject: {fileID: 0}
  m_PrefabInstance: {fileID: 0}
  m_PrefabAsset: {fileID: 0}
  m_GameObject: {fileID: 8615046627882155634}
  m_LocalRotation: {x: 0, y: -0, z: -0, w: 1}
  m_LocalPosition: {x: -0.0132997, y: 0, z: 0}
  m_LocalScale: {x: 1, y: 1, z: 1}
  m_Children: []
  m_Father: {fileID: 241876613119453714}
  m_RootOrder: 0
  m_LocalEulerAnglesHint: {x: 0, y: 0, z: 0}
--- !u!1 &8661088586750245200
GameObject:
  m_ObjectHideFlags: 0
  m_CorrespondingSourceObject: {fileID: 0}
  m_PrefabInstance: {fileID: 0}
  m_PrefabAsset: {fileID: 0}
  serializedVersion: 6
  m_Component:
  - component: {fileID: 2852588398679198181}
  m_Layer: 0
  m_Name: RArm
  m_TagString: Untagged
  m_Icon: {fileID: 0}
  m_NavMeshLayer: 0
  m_StaticEditorFlags: 0
  m_IsActive: 1
--- !u!4 &2852588398679198181
Transform:
  m_ObjectHideFlags: 0
  m_CorrespondingSourceObject: {fileID: 0}
  m_PrefabInstance: {fileID: 0}
  m_PrefabAsset: {fileID: 0}
  m_GameObject: {fileID: 8661088586750245200}
  m_LocalRotation: {x: 0, y: -0.10060404, z: -0, w: 0.9949266}
  m_LocalPosition: {x: -0.035219, y: 0, z: 0}
  m_LocalScale: {x: 1, y: 1, z: 1}
  m_Children:
  - {fileID: 7721893889390408373}
  m_Father: {fileID: 2818328718032015120}
  m_RootOrder: 0
  m_LocalEulerAnglesHint: {x: 0, y: 0, z: 0}
--- !u!1 &8853647300779451642
GameObject:
  m_ObjectHideFlags: 0
  m_CorrespondingSourceObject: {fileID: 0}
  m_PrefabInstance: {fileID: 0}
  m_PrefabAsset: {fileID: 0}
  serializedVersion: 6
  m_Component:
  - component: {fileID: 2243384192929593066}
  m_Layer: 0
  m_Name: LThigh
  m_TagString: Untagged
  m_Icon: {fileID: 0}
  m_NavMeshLayer: 0
  m_StaticEditorFlags: 0
  m_IsActive: 1
--- !u!4 &2243384192929593066
Transform:
  m_ObjectHideFlags: 0
  m_CorrespondingSourceObject: {fileID: 0}
  m_PrefabInstance: {fileID: 0}
  m_PrefabAsset: {fileID: 0}
  m_GameObject: {fileID: 8853647300779451642}
  m_LocalRotation: {x: 8.641565e-17, y: 0.7512002, z: -8.641565e-17, w: 0.6600744}
  m_LocalPosition: {x: -0.06420288, y: 0.05178666, z: 0.011825009}
  m_LocalScale: {x: 1, y: 1, z: 1}
  m_Children:
  - {fileID: 6073830548637701361}
  m_Father: {fileID: 1000536355756262316}
  m_RootOrder: 1
  m_LocalEulerAnglesHint: {x: 0, y: 0, z: 0}
--- !u!1 &8914691927540209733
GameObject:
  m_ObjectHideFlags: 0
  m_CorrespondingSourceObject: {fileID: 0}
  m_PrefabInstance: {fileID: 0}
  m_PrefabAsset: {fileID: 0}
  serializedVersion: 6
  m_Component:
  - component: {fileID: 1321202527249077750}
  m_Layer: 0
  m_Name: RFoot
  m_TagString: Untagged
  m_Icon: {fileID: 0}
  m_NavMeshLayer: 0
  m_StaticEditorFlags: 0
  m_IsActive: 1
--- !u!4 &1321202527249077750
Transform:
  m_ObjectHideFlags: 0
  m_CorrespondingSourceObject: {fileID: 0}
  m_PrefabInstance: {fileID: 0}
  m_PrefabAsset: {fileID: 0}
  m_GameObject: {fileID: 8914691927540209733}
  m_LocalRotation: {x: 8.494395e-17, y: 0.83106554, z: -8.494395e-17, w: 0.5561745}
  m_LocalPosition: {x: -0.060021747, y: 0, z: 0.00000004}
  m_LocalScale: {x: 1, y: 1, z: 1}
  m_Children:
  - {fileID: 5133971007454450266}
  m_Father: {fileID: 314196420640070722}
  m_RootOrder: 0
  m_LocalEulerAnglesHint: {x: 0, y: 0, z: 0}
--- !u!1 &9057993061599035086
GameObject:
  m_ObjectHideFlags: 0
  m_CorrespondingSourceObject: {fileID: 0}
  m_PrefabInstance: {fileID: 0}
  m_PrefabAsset: {fileID: 0}
  serializedVersion: 6
  m_Component:
  - component: {fileID: 6557227391007606276}
  m_Layer: 0
  m_Name: Tail4
  m_TagString: Untagged
  m_Icon: {fileID: 0}
  m_NavMeshLayer: 0
  m_StaticEditorFlags: 0
  m_IsActive: 1
--- !u!4 &6557227391007606276
Transform:
  m_ObjectHideFlags: 0
  m_CorrespondingSourceObject: {fileID: 0}
  m_PrefabInstance: {fileID: 0}
  m_PrefabAsset: {fileID: 0}
  m_GameObject: {fileID: 9057993061599035086}
  m_LocalRotation: {x: 0, y: -0, z: -0, w: 1}
  m_LocalPosition: {x: -0.061463308, y: 0, z: 0}
  m_LocalScale: {x: 1, y: 1, z: 1}
  m_Children:
  - {fileID: 5487809626234337824}
  m_Father: {fileID: 7872619114589350706}
  m_RootOrder: 0
  m_LocalEulerAnglesHint: {x: 0, y: 0, z: 0}
--- !u!1 &9061745093839144959
GameObject:
  m_ObjectHideFlags: 0
  m_CorrespondingSourceObject: {fileID: 0}
  m_PrefabInstance: {fileID: 0}
  m_PrefabAsset: {fileID: 0}
  serializedVersion: 6
  m_Component:
  - component: {fileID: 241876613119453714}
  m_Layer: 0
  m_Name: LToe1
  m_TagString: Untagged
  m_Icon: {fileID: 0}
  m_NavMeshLayer: 0
  m_StaticEditorFlags: 0
  m_IsActive: 1
--- !u!4 &241876613119453714
Transform:
  m_ObjectHideFlags: 0
  m_CorrespondingSourceObject: {fileID: 0}
  m_PrefabInstance: {fileID: 0}
  m_PrefabAsset: {fileID: 0}
  m_GameObject: {fileID: 9061745093839144959}
  m_LocalRotation: {x: 0, y: -0, z: -0, w: 1}
  m_LocalPosition: {x: -0.031249799, y: 0, z: -0.015314519}
  m_LocalScale: {x: 1, y: 1, z: 1}
  m_Children:
  - {fileID: 2584724160866603965}
  m_Father: {fileID: 6287275776920249028}
  m_RootOrder: 0
  m_LocalEulerAnglesHint: {x: 0, y: 0, z: 0}
--- !u!1 &9121636554487449110
GameObject:
  m_ObjectHideFlags: 0
  m_CorrespondingSourceObject: {fileID: 0}
  m_PrefabInstance: {fileID: 0}
  m_PrefabAsset: {fileID: 0}
  serializedVersion: 6
  m_Component:
  - component: {fileID: 2959931469094278733}
  m_Layer: 0
  m_Name: LHand
  m_TagString: Untagged
  m_Icon: {fileID: 0}
  m_NavMeshLayer: 0
  m_StaticEditorFlags: 0
  m_IsActive: 1
--- !u!4 &2959931469094278733
Transform:
  m_ObjectHideFlags: 0
  m_CorrespondingSourceObject: {fileID: 0}
  m_PrefabInstance: {fileID: 0}
  m_PrefabAsset: {fileID: 0}
  m_GameObject: {fileID: 9121636554487449110}
  m_LocalRotation: {x: 0, y: 0.6974995, z: -0, w: 0.7165853}
  m_LocalPosition: {x: -0.05635043, y: 0, z: 0}
  m_LocalScale: {x: 1, y: 1, z: 1}
  m_Children:
  - {fileID: 4722584447869953226}
  m_Father: {fileID: 8768237499108752225}
  m_RootOrder: 0
  m_LocalEulerAnglesHint: {x: 0, y: 0, z: 0}
--- !u!1 &9209186193851431605
GameObject:
  m_ObjectHideFlags: 0
  m_CorrespondingSourceObject: {fileID: 0}
  m_PrefabInstance: {fileID: 0}
  m_PrefabAsset: {fileID: 0}
  serializedVersion: 6
  m_Component:
  - component: {fileID: 5678830377260724748}
  m_Layer: 0
  m_Name: LEar1
  m_TagString: Untagged
  m_Icon: {fileID: 0}
  m_NavMeshLayer: 0
  m_StaticEditorFlags: 0
  m_IsActive: 1
--- !u!4 &5678830377260724748
Transform:
  m_ObjectHideFlags: 0
  m_CorrespondingSourceObject: {fileID: 0}
  m_PrefabInstance: {fileID: 0}
  m_PrefabAsset: {fileID: 0}
  m_GameObject: {fileID: 9209186193851431605}
  m_LocalRotation: {x: -0.08650061, y: -0.08650057, z: 0.70179594, w: 0.7017961}
  m_LocalPosition: {x: -0.1012018, y: -0.1252569, z: 0.01906962}
  m_LocalScale: {x: 1, y: 1, z: 1}
  m_Children:
  - {fileID: 5479299443329955983}
  m_Father: {fileID: 8249090207333868360}
  m_RootOrder: 1
  m_LocalEulerAnglesHint: {x: 0, y: 0, z: 0}
